date,#,Transact. No.,Symbol,Buyer,Seller,Quantity,Rate,Amount
2026-07-23,1,2026072305009475,AHL,49,50,70,432.00,"30,240.00"
2026-07-23,2,2026072305009474,AHL,58,50,10,432.10,"4,321.00"
2026-07-23,3,2026072305009365,AHL,49,50,20,432.20,"8,644.00"
2026-07-23,4,2026072305009497,BBC,58,17,10,"4,390.00","43,900.00"
2026-07-23,5,2026072305009464,BBC,58,49,11,"4,380.00","48,180.00"
2026-07-23,6,2026072305009423,BBC,58,49,30,"4,380.00","131,400.00"
2026-07-23,7,2026072305009422,BBC,58,48,10,"4,379.00","43,790.00"
2026-07-23,8,2026072305009421,BBC,58,1,10,"4,377.00","43,770.00"
2026-07-23,9,2026072305009377,BBC,58,56,10,"4,330.00","43,300.00"
2026-07-23,10,2026072305009376,BBC,58,41,10,"4,325.00","43,250.00"
2026-07-23,11,2026072305009383,BBC,58,63,10,"4,348.00","43,480.00"
2026-07-23,12,2026072305009382,BBC,58,88,10,"4,346.00","43,460.00"
2026-07-23,13,2026072305009381,BBC,58,38,10,"4,345.00","43,450.00"
2026-07-23,14,2026072305009380,BBC,58,1,10,"4,345.00","43,450.00"
2026-07-23,15,2026072305009379,BBC,58,26,10,"4,344.00","43,440.00"
2026-07-23,16,2026072305009378,BBC,58,1,10,"4,339.00","43,390.00"
2026-07-23,17,2026072305009420,BBC,58,41,10,"4,372.00","43,720.00"
2026-07-23,18,2026072305009419,BBC,58,7,10,"4,365.00","43,650.00"
2026-07-23,19,2026072305009418,BBC,58,17,30,"4,350.00","130,500.00"
2026-07-23,20,2026072305009384,BBC,58,17,20,"4,350.00","87,000.00"
2026-07-23,21,2026072305009577,BEDC,14,47,12,330.00,"3,960.00"
2026-07-23,22,2026072305009576,BEDC,62,47,100,330.50,"33,050.00"
2026-07-23,23,2026072305009413,BEDC,41,39,10,331.30,"3,313.00"
2026-07-23,24,2026072305009231,BHDC,35,34,20,444.90,"8,898.00"
2026-07-23,25,2026072305009614,BHL,44,29,500,215.20,"107,600.00"
2026-07-23,26,2026072305009560,BHL,44,58,20,215.20,"4,304.00"
2026-07-23,27,2026072305009412,BHL,58,36,100,215.90,"21,590.00"
2026-07-23,28,2026072305009397,BHL,57,6,10,216.50,"2,165.00"
2026-07-23,29,2026072305009354,BHL,16,38,133,215.00,"28,595.00"
2026-07-23,30,2026072305009353,BHL,57,38,200,215.00,"43,000.00"
2026-07-23,31,2026072305009201,BHL,48,17,10,216.00,"2,160.00"
2026-07-23,32,2026072305009352,BHL,46,38,21,215.00,"4,515.00"
2026-07-23,33,2026072305009351,BHL,17,38,300,215.10,"64,530.00"
2026-07-23,34,2026072305009350,BHL,49,38,20,215.20,"4,304.00"
2026-07-23,35,2026072305009286,BHL,38,38,20,216.00,"4,320.00"
2026-07-23,36,2026072305009268,BHL,42,38,506,216.00,"109,296.00"
2026-07-23,37,2026072305009267,BHL,42,17,64,216.00,"13,824.00"
2026-07-23,38,2026072305009465,BHPL,58,1,25,491.00,"12,275.00"
2026-07-23,39,2026072305009398,BNHC,63,8,48,295.00,"14,160.00"
2026-07-23,40,2026072305009591,CHDC,59,21,10,"2,205.00","22,050.00"
2026-07-23,41,2026072305009236,CHDC,26,48,41,"2,195.10","89,999.10"
2026-07-23,42,2026072305009235,CHDC,41,48,10,"2,195.10","21,951.00"
2026-07-23,43,2026072305009234,CHDC,19,48,10,"2,195.20","21,952.00"
2026-07-23,44,2026072305009373,CIT,34,44,20,"1,724.80","34,496.00"
2026-07-23,45,2026072305009347,CIT,29,44,25,"1,724.80","43,120.00"
2026-07-23,46,2026072305009269,CIT,19,39,11,"1,724.00","18,964.00"
2026-07-23,47,2026072305009555,CKHL,57,39,10,622.00,"6,220.00"
2026-07-23,48,2026072305009182,CKHL,82,17,18,591.10,"10,639.80"
2026-07-23,49,2026072305009181,CKHL,57,17,20,591.20,"11,824.00"
2026-07-23,50,2026072305009180,CKHL,38,17,100,592.00,"59,200.00"
2026-07-23,51,2026072305009179,CKHL,51,17,80,600.00,"48,000.00"
2026-07-23,52,2026072305009554,CLI,18,32,40,455.00,"18,200.00"
2026-07-23,53,2026072305009514,CLI,77,32,76,455.00,"34,580.00"
2026-07-23,54,2026072305009513,CLI,77,5,95,454.90,"43,215.50"
2026-07-23,55,2026072305009512,CLI,77,34,13,454.80,"5,912.40"
2026-07-23,56,2026072305009511,CLI,77,58,13,454.00,"5,902.00"
2026-07-23,57,2026072305009510,CLI,77,42,13,452.90,"5,887.70"
2026-07-23,58,2026072305009509,CLI,77,34,13,451.00,"5,863.00"
2026-07-23,59,2026072305009508,CLI,77,35,13,450.00,"5,850.00"
2026-07-23,60,2026072305009331,CLI,19,49,171,450.00,"76,950.00"
2026-07-23,61,2026072305009254,CLI,18,49,10,450.00,"4,500.00"
2026-07-23,62,2026072305009244,CLI,94,46,13,448.00,"5,824.00"
2026-07-23,63,2026072305009645,DOLTI,86,32,34,329.10,"11,189.40"
2026-07-23,64,2026072305009644,DOLTI,17,32,50,329.40,"16,470.00"
2026-07-23,65,2026072305009643,DOLTI,13,32,100,330.00,"33,000.00"
2026-07-23,66,2026072305009642,DOLTI,58,32,25,330.00,"8,250.00"
2026-07-23,67,2026072305009641,DOLTI,42,32,110,330.00,"36,300.00"
2026-07-23,68,2026072305009640,DOLTI,62,32,100,330.20,"33,020.00"
2026-07-23,69,2026072305009639,DOLTI,62,32,50,330.20,"16,510.00"
2026-07-23,70,2026072305009638,DOLTI,49,32,10,332.00,"3,320.00"
2026-07-23,71,2026072305009515,DOLTI,19,32,100,332.70,"33,270.00"
2026-07-23,72,2026072305009414,DOLTI,51,45,70,331.00,"23,170.00"
2026-07-23,73,2026072305009344,DOLTI,34,45,30,331.00,"9,930.00"
2026-07-23,74,2026072305009161,DOLTI,58,95,97,332.80,"32,281.60"
2026-07-23,75,2026072305009651,DORDI,59,32,109,263.00,"28,667.00"
2026-07-23,76,2026072305009650,DORDI,35,32,241,263.00,"63,383.00"
2026-07-23,77,2026072305009534,DORDI,32,28,"2,260",265.00,"598,900.00"
2026-07-23,78,2026072305009533,DORDI,32,35,115,265.00,"30,475.00"
2026-07-23,79,2026072305009532,DORDI,32,97,125,265.00,"33,125.00"
2026-07-23,80,2026072305009531,DORDI,32,56,50,265.00,"13,250.00"
2026-07-23,81,2026072305009386,DORDI,35,49,215,263.00,"56,545.00"
2026-07-23,82,2026072305009524,DORDI,32,35,300,264.00,"79,200.00"
2026-07-23,83,2026072305009491,DORDI,35,91,44,263.00,"11,572.00"
2026-07-23,84,2026072305009530,DORDI,32,58,20,265.00,"5,300.00"
2026-07-23,85,2026072305009529,DORDI,32,3,100,265.00,"26,500.00"
2026-07-23,86,2026072305009528,DORDI,32,3,820,264.80,"217,136.00"
2026-07-23,87,2026072305009527,DORDI,32,58,20,264.70,"5,294.00"
2026-07-23,88,2026072305009526,DORDI,32,41,100,264.60,"26,460.00"
2026-07-23,89,2026072305009525,DORDI,32,3,90,264.60,"23,814.00"
2026-07-23,90,2026072305009400,EHPL,8,34,200,355.30,"71,060.00"
2026-07-23,91,2026072305009374,EHPL,34,34,400,355.30,"142,120.00"
2026-07-23,92,2026072305009366,EHPL,46,34,100,355.30,"35,530.00"
2026-07-23,93,2026072305009256,EHPL,22,51,20,356.00,"7,120.00"
2026-07-23,94,2026072305009588,ENL,8,38,10,834.00,"8,340.00"
2026-07-23,95,2026072305009587,ENL,8,74,10,820.00,"8,200.00"
2026-07-23,96,2026072305009586,ENL,8,42,10,819.00,"8,190.00"
2026-07-23,97,2026072305009572,GCIL,58,81,11,364.00,"4,004.00"
2026-07-23,98,2026072305009571,GCIL,96,81,500,364.00,"182,000.00"
2026-07-23,99,2026072305009247,GCIL,82,42,45,364.70,"16,411.50"
2026-07-23,100,2026072305009318,GCIL,82,34,75,364.70,"27,352.50"
2026-07-23,101,2026072305009463,GCIL,82,45,11,364.70,"4,011.70"
2026-07-23,102,2026072305009574,HATHY,45,29,10,757.90,"7,579.00"
2026-07-23,103,2026072305009360,HATHY,35,29,10,757.90,"7,579.00"
2026-07-23,104,2026072305009195,HATHY,49,73,10,755.00,"7,550.00"
2026-07-23,105,2026072305009261,HDL,34,46,43,"1,180.00","50,740.00"
2026-07-23,106,2026072305009260,HDL,34,39,18,"1,179.00","21,222.00"
2026-07-23,107,2026072305009458,HDL,89,10,40,"1,180.00","47,200.00"
2026-07-23,108,2026072305009467,HDL,22,46,100,"1,179.00","117,900.00"
2026-07-23,109,2026072305009636,HHL,60,45,170,350.50,"59,585.00"
2026-07-23,110,2026072305009635,HHL,60,17,"1,830",350.00,"640,500.00"
2026-07-23,111,2026072305009559,HHL,64,17,"1,000",350.00,"350,000.00"
2026-07-23,112,2026072305009558,HHL,58,17,560,350.00,"196,000.00"
2026-07-23,113,2026072305009557,HHL,14,17,600,350.00,"210,000.00"
2026-07-23,114,2026072305009556,HHL,60,17,10,350.10,"3,501.00"
2026-07-23,115,2026072305009264,HHL,46,45,286,350.50,"100,243.00"
2026-07-23,116,2026072305009616,HIDCL,57,38,391,263.60,"103,067.60"
2026-07-23,117,2026072305009615,HIDCL,40,38,200,263.70,"52,740.00"
2026-07-23,118,2026072305009563,HIDCL,57,50,10,264.90,"2,649.00"
2026-07-23,119,2026072305009258,HIDCL,57,57,"1,851",263.60,"487,923.60"
2026-07-23,120,2026072305009257,HIDCL,72,57,649,264.00,"171,336.00"
2026-07-23,121,2026072305009221,HIDCL,72,67,351,264.00,"92,664.00"
2026-07-23,122,2026072305009206,HIDCL,29,67,"1,000",264.00,"264,000.00"
2026-07-23,123,2026072305009196,HIDCL,42,67,100,264.00,"26,400.00"
2026-07-23,124,2026072305009506,HRL,42,45,163,641.00,"104,483.00"
2026-07-23,125,2026072305009505,HRL,42,56,837,640.00,"535,680.00"
2026-07-23,126,2026072305009460,HRL,41,56,93,640.00,"59,520.00"
2026-07-23,127,2026072305009241,HRL,84,45,68,640.00,"43,520.00"
2026-07-23,128,2026072305009240,HRL,45,45,205,640.10,"131,220.50"
2026-07-23,129,2026072305009198,HRL,45,22,30,640.10,"19,203.00"
2026-07-23,130,2026072305009158,HRL,45,63,100,640.10,"64,010.00"
2026-07-23,131,2026072305009279,HRL,35,38,30,640.90,"19,227.00"
2026-07-23,132,2026072305009278,HRL,35,58,15,640.50,"9,607.50"
2026-07-23,133,2026072305009277,HRL,35,91,87,640.10,"55,688.70"
2026-07-23,134,2026072305009271,HRL,19,91,100,640.10,"64,010.00"
2026-07-23,135,2026072305009283,HRL,35,45,32,641.00,"20,512.00"
2026-07-23,136,2026072305009282,HRL,35,38,36,640.90,"23,072.40"
2026-07-23,137,2026072305009281,HRL,35,49,100,640.90,"64,090.00"
2026-07-23,138,2026072305009280,HRL,35,91,200,640.90,"128,180.00"
2026-07-23,139,2026072305009343,HRL,4,45,"1,000",641.00,"641,000.00"
2026-07-23,140,2026072305009312,HRL,22,6,20,640.00,"12,800.00"
2026-07-23,141,2026072305009311,HRL,84,6,150,640.00,"96,000.00"
2026-07-23,142,2026072305009310,HRL,51,6,14,640.10,"8,961.40"
2026-07-23,143,2026072305009459,HRL,63,56,70,640.00,"44,800.00"
2026-07-23,144,2026072305009443,HRL,63,76,930,640.00,"595,200.00"
2026-07-23,145,2026072305009442,HRL,19,76,500,640.00,"320,000.00"
2026-07-23,146,2026072305009441,HRL,22,76,70,640.00,"44,800.00"
2026-07-23,147,2026072305009364,HRL,22,36,10,640.00,"6,400.00"
2026-07-23,148,2026072305009542,IHL,87,26,10,367.50,"3,675.00"
2026-07-23,149,2026072305009417,ILI,58,42,26,425.00,"11,050.00"
2026-07-23,150,2026072305009416,ILI,58,74,12,425.00,"5,100.00"
2026-07-23,151,2026072305009415,ILI,58,49,12,425.00,"5,100.00"
2026-07-23,152,2026072305009304,ILI,58,46,10,424.40,"4,244.00"
2026-07-23,153,2026072305009222,ILI,42,56,1,412.30,412.30
2026-07-23,154,2026072305009540,KBSH,34,19,20,"1,045.50","20,910.00"
2026-07-23,155,2026072305009445,KBSH,1,19,50,"1,045.50","52,275.00"
2026-07-23,156,2026072305009303,KBSH,34,38,50,"1,045.50","52,275.00"
2026-07-23,157,2026072305009205,KBSH,58,38,10,"1,045.50","10,455.00"
2026-07-23,158,2026072305009191,KBSH,86,38,100,"1,045.50","104,550.00"
2026-07-23,159,2026072305009275,KDBY,26,22,200,11.08,"2,216.00"
2026-07-23,160,2026072305009274,KDBY,26,98,100,11.08,"1,108.00"
2026-07-23,161,2026072305009472,MAKAR,1,38,"1,000",450.00,"450,000.00"
2026-07-23,162,2026072305009444,MAKAR,57,38,50,450.00,"22,500.00"
2026-07-23,163,2026072305009307,MAKAR,42,38,100,450.00,"45,000.00"
2026-07-23,164,2026072305009204,MAKAR,84,49,127,449.90,"57,137.30"
2026-07-23,165,2026072305009203,MAKAR,43,49,50,450.00,"22,500.00"
2026-07-23,166,2026072305009202,MAKAR,45,49,73,450.00,"32,850.00"
2026-07-23,167,2026072305009498,MANDU,96,16,"1,000",839.00,"839,000.00"
2026-07-23,168,2026072305009337,MANDU,28,49,325,832.00,"270,400.00"
2026-07-23,169,2026072305009621,MCHL,70,48,171,290.00,"49,590.00"
2026-07-23,170,2026072305009620,MCHL,70,14,269,290.00,"78,010.00"
2026-07-23,171,2026072305009619,MCHL,70,90,60,289.00,"17,340.00"
2026-07-23,172,2026072305009473,MEHL,49,38,10,313.30,"3,133.00"
2026-07-23,173,2026072305009409,MEHL,43,51,33,314.00,"10,362.00"
2026-07-23,174,2026072305009408,MEHL,43,74,57,314.00,"17,898.00"
2026-07-23,175,2026072305009553,MEL,14,17,900,220.00,"198,000.00"
2026-07-23,176,2026072305009550,MEL,43,38,10,219.80,"2,198.00"
2026-07-23,177,2026072305009521,MEL,43,49,200,219.80,"43,960.00"
2026-07-23,178,2026072305009190,MEL,50,17,50,220.00,"11,000.00"
2026-07-23,179,2026072305009248,MEL,35,17,400,220.00,"88,000.00"
2026-07-23,180,2026072305009246,MEL,52,17,10,220.00,"2,200.00"
2026-07-23,181,2026072305009298,MEL,45,17,10,220.00,"2,200.00"
2026-07-23,182,2026072305009297,MEL,14,17,220,220.00,"48,400.00"
2026-07-23,183,2026072305009336,MEL,7,17,20,220.00,"4,400.00"
2026-07-23,184,2026072305009306,MEL,16,17,165,220.00,"36,300.00"
2026-07-23,185,2026072305009375,MEL,22,17,30,220.00,"6,600.00"
2026-07-23,186,2026072305009570,MHCL,52,8,10,324.00,"3,240.00"
2026-07-23,187,2026072305009569,MHCL,52,5,10,320.00,"3,200.00"
2026-07-23,188,2026072305009568,MHCL,52,45,10,320.00,"3,200.00"
2026-07-23,189,2026072305009359,MHCL,34,35,10,319.90,"3,199.00"
2026-07-23,190,2026072305009330,MHCL,34,35,10,319.90,"3,199.00"
2026-07-23,191,2026072305009159,MHCL,34,32,40,319.90,"12,796.00"
2026-07-23,192,2026072305009600,MHL,10,38,20,489.80,"9,796.00"
2026-07-23,193,2026072305009599,MHL,10,47,100,485.00,"48,500.00"
2026-07-23,194,2026072305009471,MHL,42,45,10,485.00,"4,850.00"
2026-07-23,195,2026072305009598,MKHL,82,42,160,512.00,"81,920.00"
2026-07-23,196,2026072305009597,MKHL,82,74,100,511.90,"51,190.00"
2026-07-23,197,2026072305009596,MKHL,82,74,50,511.80,"25,590.00"
2026-07-23,198,2026072305009595,MKHL,82,74,50,511.50,"25,575.00"
2026-07-23,199,2026072305009594,MKHL,82,74,100,511.30,"51,130.00"
2026-07-23,200,2026072305009593,MKHL,82,74,40,511.00,"20,440.00"
2026-07-23,201,2026072305009573,MKHL,17,36,20,505.00,"10,100.00"
2026-07-23,202,2026072305009565,MKJC,69,32,100,480.00,"48,000.00"
2026-07-23,203,2026072305009488,MKJC,69,6,10,480.00,"4,800.00"
2026-07-23,204,2026072305009487,MKJC,69,62,50,480.00,"24,000.00"
2026-07-23,205,2026072305009486,MKJC,69,1,200,480.00,"96,000.00"
2026-07-23,206,2026072305009479,MKJC,69,82,850,478.00,"406,300.00"
2026-07-23,207,2026072305009478,MKJC,69,14,39,478.00,"18,642.00"
2026-07-23,208,2026072305009477,MKJC,69,6,110,477.90,"52,569.00"
2026-07-23,209,2026072305009476,MKJC,69,8,39,477.90,"18,638.10"
2026-07-23,210,2026072305009485,MKJC,69,35,10,480.00,"4,800.00"
2026-07-23,211,2026072305009484,MKJC,69,47,40,480.00,"19,200.00"
2026-07-23,212,2026072305009483,MKJC,69,63,102,480.00,"48,960.00"
2026-07-23,213,2026072305009482,MKJC,69,41,53,480.00,"25,440.00"
2026-07-23,214,2026072305009481,MKJC,69,48,26,480.00,"12,480.00"
2026-07-23,215,2026072305009480,MKJC,69,14,50,479.90,"23,995.00"
2026-07-23,216,2026072305009611,MMKJL,42,57,560,475.00,"266,000.00"
2026-07-23,217,2026072305009610,MMKJL,42,36,100,475.00,"47,500.00"
2026-07-23,218,2026072305009609,MMKJL,42,48,100,473.00,"47,300.00"
2026-07-23,219,2026072305009608,MMKJL,42,41,100,472.00,"47,200.00"
2026-07-23,220,2026072305009607,MMKJL,42,62,10,470.00,"4,700.00"
2026-07-23,221,2026072305009606,MMKJL,42,35,10,470.00,"4,700.00"
2026-07-23,222,2026072305009605,MMKJL,42,49,20,470.00,"9,400.00"
2026-07-23,223,2026072305009604,MMKJL,42,25,30,469.00,"14,070.00"
2026-07-23,224,2026072305009603,MMKJL,42,48,10,469.00,"4,690.00"
2026-07-23,225,2026072305009602,MMKJL,42,58,50,468.00,"23,400.00"
2026-07-23,226,2026072305009601,MMKJL,42,34,10,468.00,"4,680.00"
2026-07-23,227,2026072305009544,NBF3,51,13,"3,800",10.00,"38,000.00"
2026-07-23,228,2026072305009543,NBF3,51,49,100,10.00,"1,000.00"
2026-07-23,229,2026072305009537,NIFRA,45,13,111,254.00,"28,194.00"
2026-07-23,230,2026072305009466,NIFRA,45,54,70,254.00,"17,780.00"
2026-07-23,231,2026072305009300,NIFRA,48,28,100,255.00,"25,500.00"
2026-07-23,232,2026072305009285,NIFRA,59,28,16,255.00,"4,080.00"
2026-07-23,233,2026072305009273,NIFRA,48,28,190,255.00,"48,450.00"
2026-07-23,234,2026072305009272,NIFRA,48,60,10,254.90,"2,549.00"
2026-07-23,235,2026072305009160,NIFRA,32,28,"1,000",255.00,"255,000.00"
2026-07-23,236,2026072305009549,NRIC,58,60,177,996.00,"176,292.00"
2026-07-23,237,2026072305009548,NRIC,96,60,100,996.10,"99,610.00"
2026-07-23,238,2026072305009547,NRIC,58,60,567,997.00,"565,299.00"
2026-07-23,239,2026072305009320,NRIC,58,35,53,997.00,"52,841.00"
2026-07-23,240,2026072305009309,NRIC,58,50,"4,000",997.00,"3,988,000.00"
2026-07-23,241,2026072305009305,NRIC,58,91,310,997.00,"309,070.00"
2026-07-23,242,2026072305009290,NRIC,58,45,70,997.00,"69,790.00"
2026-07-23,243,2026072305009536,NRM,62,71,420,329.20,"138,264.00"
2026-07-23,244,2026072305009535,NRM,62,14,500,329.00,"164,500.00"
2026-07-23,245,2026072305009328,NRM,25,71,96,329.20,"31,603.20"
2026-07-23,246,2026072305009327,NRM,25,58,10,328.90,"3,289.00"
2026-07-23,247,2026072305009326,NRM,25,6,235,328.90,"77,291.50"
2026-07-23,248,2026072305009325,NRM,25,33,100,328.00,"32,800.00"
2026-07-23,249,2026072305009324,NRM,25,74,100,328.00,"32,800.00"
2026-07-23,250,2026072305009323,NRM,25,45,200,327.50,"65,500.00"
2026-07-23,251,2026072305009322,NRM,25,58,59,327.00,"19,293.00"
2026-07-23,252,2026072305009229,NRM,62,83,50,325.00,"16,250.00"
2026-07-23,253,2026072305009199,NRM,62,38,10,325.00,"3,250.00"
2026-07-23,254,2026072305009648,NRN,50,44,20,"1,487.10","29,742.00"
2026-07-23,255,2026072305009612,NRN,60,44,10,"1,487.10","14,871.00"
2026-07-23,256,2026072305009567,NRN,16,44,600,"1,487.10","892,260.00"
2026-07-23,257,2026072305009566,NRN,33,44,85,"1,487.20","126,412.00"
2026-07-23,258,2026072305009187,NRN,62,99,100,"1,488.00","148,800.00"
2026-07-23,259,2026072305009156,NRN,39,48,2,"1,442.50","2,885.00"
2026-07-23,260,2026072305009362,NRN,58,48,25,"1,488.00","37,200.00"
2026-07-23,261,2026072305009302,NRN,29,77,50,"1,489.00","74,450.00"
2026-07-23,262,2026072305009266,NRN,8,77,50,"1,489.00","74,450.00"
2026-07-23,263,2026072305009410,NRN,16,77,"1,010","1,487.10","1,501,971.00"
2026-07-23,264,2026072305009390,NRN,16,77,25,"1,489.00","37,225.00"
2026-07-23,265,2026072305009389,NRN,16,48,75,"1,488.00","111,600.00"
2026-07-23,266,2026072305009388,NRN,16,100,200,"1,487.10","297,420.00"
2026-07-23,267,2026072305009539,NRN,98,75,91,"1,489.40","135,535.40"
2026-07-23,268,2026072305009538,NRN,98,77,445,"1,489.00","662,605.00"
2026-07-23,269,2026072305009519,NRN,16,100,190,"1,487.10","282,549.00"
2026-07-23,270,2026072305009518,NRN,58,100,10,"1,488.00","14,880.00"
2026-07-23,271,2026072305009517,NRN,50,77,10,"1,489.00","14,890.00"
2026-07-23,272,2026072305009634,NTC,58,42,50,859.00,"42,950.00"
2026-07-23,273,2026072305009507,NTC,1,14,173,858.90,"148,589.70"
2026-07-23,274,2026072305009399,NTC,42,50,115,858.50,"98,727.50"
2026-07-23,275,2026072305009239,NTC,89,58,30,858.00,"25,740.00"
2026-07-23,276,2026072305009238,NTC,51,58,13,858.00,"11,154.00"
2026-07-23,277,2026072305009339,NYADI,26,32,10,379.00,"3,790.00"
2026-07-23,278,2026072305009338,NYADI,26,13,10,378.80,"3,788.00"
2026-07-23,279,2026072305009252,NYADI,84,13,10,378.70,"3,787.00"
2026-07-23,280,2026072305009251,NYADI,84,50,10,378.00,"3,780.00"
2026-07-23,281,2026072305009250,NYADI,84,13,10,377.80,"3,778.00"
2026-07-23,282,2026072305009249,NYADI,84,26,20,377.00,"7,540.00"
2026-07-23,283,2026072305009155,NYADI,84,13,10,377.70,"3,777.00"
2026-07-23,284,2026072305009154,NYADI,84,57,100,377.60,"37,760.00"
2026-07-23,285,2026072305009153,NYADI,84,51,100,377.20,"37,720.00"
2026-07-23,286,2026072305009152,NYADI,84,35,10,375.00,"3,750.00"
2026-07-23,287,2026072305009541,PHCL,50,45,170,306.00,"52,020.00"
2026-07-23,288,2026072305009456,PHCL,17,49,10,307.40,"3,074.00"
2026-07-23,289,2026072305009455,PHCL,17,38,60,307.00,"18,420.00"
2026-07-23,290,2026072305009288,PHCL,50,38,10,306.00,"3,060.00"
2026-07-23,291,2026072305009176,PHCL,50,38,940,307.00,"288,580.00"
2026-07-23,292,2026072305009175,PHCL,50,59,100,307.00,"30,700.00"
2026-07-23,293,2026072305009174,PHCL,50,44,100,307.00,"30,700.00"
2026-07-23,294,2026072305009173,PHCL,50,52,150,307.00,"46,050.00"
2026-07-23,295,2026072305009172,PHCL,50,35,10,307.00,"3,070.00"
2026-07-23,296,2026072305009171,PHCL,50,45,100,306.90,"30,690.00"
2026-07-23,297,2026072305009551,PPL,34,45,10,338.90,"3,389.00"
2026-07-23,298,2026072305009504,PPL,81,52,456,335.10,"152,805.60"
2026-07-23,299,2026072305009503,PPL,60,52,"1,100",336.00,"369,600.00"
2026-07-23,300,2026072305009502,PPL,57,52,500,336.00,"168,000.00"
2026-07-23,301,2026072305009349,PPL,8,52,50,338.00,"16,900.00"
2026-07-23,302,2026072305009245,PPL,45,52,104,338.00,"35,152.00"
2026-07-23,303,2026072305009243,PPL,45,47,96,338.00,"32,448.00"
2026-07-23,304,2026072305009649,RAWA,62,17,9,441.00,"3,969.00"
2026-07-23,305,2026072305009617,RAWA,16,57,10,442.00,"4,420.00"
2026-07-23,306,2026072305009523,RAWA,56,21,100,437.20,"43,720.00"
2026-07-23,307,2026072305009522,RAWA,21,21,100,438.20,"43,820.00"
2026-07-23,308,2026072305009299,RAWA,22,57,10,442.00,"4,420.00"
2026-07-23,309,2026072305009263,RAWA,101,75,20,441.00,"8,820.00"
2026-07-23,310,2026072305009371,RAWA,41,21,20,437.50,"8,750.00"
2026-07-23,311,2026072305009370,RAWA,16,21,500,437.70,"218,850.00"
2026-07-23,312,2026072305009369,RAWA,25,21,10,438.00,"4,380.00"
2026-07-23,313,2026072305009368,RAWA,34,21,50,438.00,"21,900.00"
2026-07-23,314,2026072305009367,RAWA,58,21,100,438.10,"43,810.00"
2026-07-23,315,2026072305009346,RAWA,62,100,9,439.70,"3,957.30"
2026-07-23,316,2026072305009372,RAWA,56,21,320,437.20,"139,904.00"
2026-07-23,317,2026072305009461,RAWA,62,42,9,440.00,"3,960.00"
2026-07-23,318,2026072305009446,RAWA,22,57,10,442.00,"4,420.00"
2026-07-23,319,2026072305009490,RFPL,95,49,500,344.00,"172,000.00"
2026-07-23,320,2026072305009489,RFPL,95,59,170,344.00,"58,480.00"
2026-07-23,321,2026072305009308,RFPL,34,59,30,344.00,"10,320.00"
2026-07-23,322,2026072305009237,RFPL,60,4,245,343.20,"84,084.00"
2026-07-23,323,2026072305009183,RHGCL,53,49,"1,500",270.00,"405,000.00"
2026-07-23,324,2026072305009545,RMF1,94,38,100,9.90,990.00
2026-07-23,325,2026072305009340,RMF1,41,35,"9,900",9.56,"94,644.00"
2026-07-23,326,2026072305009457,RMF1,94,74,"1,240",9.70,"12,028.00"
2026-07-23,327,2026072305009341,RMF1,41,35,"8,000",9.56,"76,480.00"
2026-07-23,328,2026072305009270,RNLI,36,6,12,455.30,"5,463.60"
2026-07-23,329,2026072305009393,RNLI,35,38,100,457.00,"45,700.00"
2026-07-23,330,2026072305009392,RNLI,35,51,210,457.00,"95,970.00"
2026-07-23,331,2026072305009391,RNLI,35,16,12,457.00,"5,484.00"
2026-07-23,332,2026072305009387,RNLI,38,46,12,456.00,"5,472.00"
2026-07-23,333,2026072305009385,RNLI,38,38,12,456.00,"5,472.00"
2026-07-23,334,2026072305009396,RNLI,35,44,300,458.00,"137,400.00"
2026-07-23,335,2026072305009395,RNLI,35,58,500,457.50,"228,750.00"
2026-07-23,336,2026072305009394,RNLI,35,36,100,457.50,"45,750.00"
2026-07-23,337,2026072305009564,SAHAS,57,19,25,664.00,"16,600.00"
2026-07-23,338,2026072305009440,SAHAS,39,91,128,665.00,"85,120.00"
2026-07-23,339,2026072305009439,SAHAS,39,49,196,665.00,"130,340.00"
2026-07-23,340,2026072305009438,SAHAS,39,47,13,665.00,"8,645.00"
2026-07-23,341,2026072305009437,SAHAS,39,57,50,665.00,"33,250.00"
2026-07-23,342,2026072305009436,SAHAS,39,18,100,665.00,"66,500.00"
2026-07-23,343,2026072305009401,SAHAS,22,46,171,663.50,"113,458.50"
2026-07-23,344,2026072305009342,SAHAS,57,49,100,663.50,"66,350.00"
2026-07-23,345,2026072305009321,SAHAS,49,58,13,663.00,"8,619.00"
2026-07-23,346,2026072305009197,SAHAS,41,22,13,663.00,"8,619.00"
2026-07-23,347,2026072305009157,SAHAS,44,14,20,662.70,"13,254.00"
2026-07-23,348,2026072305009407,SAHAS,22,48,38,664.30,"25,243.40"
2026-07-23,349,2026072305009406,SAHAS,22,58,123,664.00,"81,672.00"
2026-07-23,350,2026072305009405,SAHAS,22,57,50,664.00,"33,200.00"
2026-07-23,351,2026072305009404,SAHAS,22,20,10,664.00,"6,640.00"
2026-07-23,352,2026072305009403,SAHAS,22,43,13,664.00,"8,632.00"
2026-07-23,353,2026072305009402,SAHAS,22,45,95,663.50,"63,032.50"
2026-07-23,354,2026072305009429,SAHAS,39,32,700,664.80,"465,360.00"
2026-07-23,355,2026072305009428,SAHAS,39,42,10,664.70,"6,647.00"
2026-07-23,356,2026072305009427,SAHAS,39,58,305,664.40,"202,642.00"
2026-07-23,357,2026072305009426,SAHAS,39,29,98,664.40,"65,111.20"
2026-07-23,358,2026072305009425,SAHAS,41,29,192,664.40,"127,564.80"
2026-07-23,359,2026072305009424,SAHAS,41,48,62,664.30,"41,186.60"
2026-07-23,360,2026072305009435,SAHAS,39,45,50,665.00,"33,250.00"
2026-07-23,361,2026072305009434,SAHAS,39,57,250,665.00,"166,250.00"
2026-07-23,362,2026072305009433,SAHAS,39,50,87,665.00,"57,855.00"
2026-07-23,363,2026072305009432,SAHAS,39,101,13,665.00,"8,645.00"
2026-07-23,364,2026072305009431,SAHAS,39,32,700,664.90,"465,430.00"
2026-07-23,365,2026072305009430,SAHAS,39,44,300,664.90,"199,470.00"
2026-07-23,366,2026072305009348,SANVI,52,49,90,634.00,"57,060.00"
2026-07-23,367,2026072305009317,SANVI,52,56,292,634.90,"185,390.80"
2026-07-23,368,2026072305009316,SANVI,52,25,10,634.70,"6,347.00"
2026-07-23,369,2026072305009315,SANVI,52,25,10,634.60,"6,346.00"
2026-07-23,370,2026072305009314,SANVI,52,25,10,634.50,"6,345.00"
2026-07-23,371,2026072305009313,SANVI,52,65,89,634.00,"56,426.00"
2026-07-23,372,2026072305009225,SANVI,38,56,200,632.00,"126,400.00"
2026-07-23,373,2026072305009224,SANVI,38,50,30,632.00,"18,960.00"
2026-07-23,374,2026072305009223,SANVI,38,39,10,631.90,"6,319.00"
2026-07-23,375,2026072305009284,SANVI,52,14,15,625.70,"9,385.50"
2026-07-23,376,2026072305009265,SANVI,95,65,11,634.00,"6,974.00"
2026-07-23,377,2026072305009230,SANVI,52,21,10,625.70,"6,257.00"
2026-07-23,378,2026072305009228,SANVI,38,26,88,633.00,"55,704.00"
2026-07-23,379,2026072305009227,SANVI,38,28,100,632.80,"63,280.00"
2026-07-23,380,2026072305009226,SANVI,38,58,70,632.00,"44,240.00"
2026-07-23,381,2026072305009590,SEF,22,43,100,10.38,"1,038.00"
2026-07-23,382,2026072305009546,SGHC,57,38,200,325.00,"65,000.00"
2026-07-23,383,2026072305009470,SGHC,13,38,500,325.00,"162,500.00"
2026-07-23,384,2026072305009469,SGHC,37,38,142,325.00,"46,150.00"
2026-07-23,385,2026072305009468,SGHC,43,38,985,325.00,"320,125.00"
2026-07-23,386,2026072305009329,SGHC,43,38,515,325.00,"167,375.00"
2026-07-23,387,2026072305009319,SGHC,28,38,125,325.00,"40,625.00"
2026-07-23,388,2026072305009287,SGHC,42,38,170,325.00,"55,250.00"
2026-07-23,389,2026072305009259,SGHC,47,38,100,325.00,"32,500.00"
2026-07-23,390,2026072305009200,SGHC,22,38,280,325.00,"91,000.00"
2026-07-23,391,2026072305009192,SGHC,57,38,20,325.00,"6,500.00"
2026-07-23,392,2026072305009177,SGHC,11,38,300,325.00,"97,500.00"
2026-07-23,393,2026072305009633,SHIVM,49,48,32,660.00,"21,120.00"
2026-07-23,394,2026072305009632,SHIVM,49,22,750,659.90,"494,925.00"
2026-07-23,395,2026072305009631,SHIVM,49,37,250,659.90,"164,975.00"
2026-07-23,396,2026072305009630,SHIVM,49,44,300,659.80,"197,940.00"
2026-07-23,397,2026072305009629,SHIVM,49,74,200,659.00,"131,800.00"
2026-07-23,398,2026072305009628,SHIVM,49,58,10,659.00,"6,590.00"
2026-07-23,399,2026072305009189,SHIVM,43,52,500,658.00,"329,000.00"
2026-07-23,400,2026072305009178,SHIVM,17,52,30,658.00,"19,740.00"
2026-07-23,401,2026072305009561,SHIVM,56,45,50,658.80,"32,940.00"
2026-07-23,402,2026072305009301,SHIVM,34,52,500,658.90,"329,450.00"
2026-07-23,403,2026072305009255,SHIVM,42,52,500,658.90,"329,450.00"
2026-07-23,404,2026072305009253,SHIVM,6,14,140,658.00,"92,120.00"
2026-07-23,405,2026072305009194,SHIVM,6,52,100,658.00,"65,800.00"
2026-07-23,406,2026072305009193,SHIVM,6,52,33,658.00,"21,714.00"
2026-07-23,407,2026072305009627,SHIVM,49,22,750,659.00,"494,250.00"
2026-07-23,408,2026072305009626,SHIVM,49,90,100,659.00,"65,900.00"
2026-07-23,409,2026072305009625,SHIVM,49,68,85,659.00,"56,015.00"
2026-07-23,410,2026072305009624,SHIVM,49,72,23,658.00,"15,134.00"
2026-07-23,411,2026072305009589,SHIVM,6,72,127,658.00,"83,566.00"
2026-07-23,412,2026072305009562,SHIVM,56,68,150,659.00,"98,850.00"
2026-07-23,413,2026072305009623,SIKLES,66,101,10,567.00,"5,670.00"
2026-07-23,414,2026072305009296,SIKLES,33,100,50,563.00,"28,150.00"
2026-07-23,415,2026072305009295,SIKLES,42,100,80,564.00,"45,120.00"
2026-07-23,416,2026072305009294,SIKLES,57,100,10,564.00,"5,640.00"
2026-07-23,417,2026072305009293,SIKLES,49,100,44,564.00,"24,816.00"
2026-07-23,418,2026072305009292,SIKLES,57,100,10,565.00,"5,650.00"
2026-07-23,419,2026072305009188,SIKLES,57,44,50,565.00,"28,250.00"
2026-07-23,420,2026072305009170,SIKLES,41,44,61,568.00,"34,648.00"
2026-07-23,421,2026072305009169,SIKLES,41,11,15,568.00,"8,520.00"
2026-07-23,422,2026072305009168,SIKLES,41,44,38,567.80,"21,576.40"
2026-07-23,423,2026072305009496,SMATA,8,57,10,759.70,"7,597.00"
2026-07-23,424,2026072305009411,SMH,57,58,121,514.90,"62,302.90"
2026-07-23,425,2026072305009462,SMHL,77,34,50,488.00,"24,400.00"
2026-07-23,426,2026072305009276,SMHL,65,34,100,488.00,"48,800.00"
2026-07-23,427,2026072305009552,SONA,56,38,10,422.00,"4,220.00"
2026-07-23,428,2026072305009454,SONA,56,52,300,422.00,"126,600.00"
2026-07-23,429,2026072305009453,SONA,56,11,25,422.00,"10,550.00"
2026-07-23,430,2026072305009452,SONA,56,47,10,422.00,"4,220.00"
2026-07-23,431,2026072305009451,SONA,56,38,10,422.00,"4,220.00"
2026-07-23,432,2026072305009450,SONA,56,25,200,422.00,"84,400.00"
2026-07-23,433,2026072305009449,SONA,56,32,10,422.00,"4,220.00"
2026-07-23,434,2026072305009448,SONA,56,28,100,422.00,"42,200.00"
2026-07-23,435,2026072305009447,SONA,56,59,100,421.00,"42,100.00"
2026-07-23,436,2026072305009345,SPC,14,11,10,430.00,"4,300.00"
2026-07-23,437,2026072305009622,SPHL,57,14,10,553.70,"5,537.00"
2026-07-23,438,2026072305009592,SPHL,6,14,50,553.70,"27,685.00"
2026-07-23,439,2026072305009575,SPHL,6,39,15,543.00,"8,145.00"
2026-07-23,440,2026072305009363,SPHL,88,39,85,543.00,"46,155.00"
2026-07-23,441,2026072305009167,SPHL,88,66,915,543.00,"496,845.00"
2026-07-23,442,2026072305009166,SPHL,35,66,300,543.10,"162,930.00"
2026-07-23,443,2026072305009165,SPHL,57,66,80,543.10,"43,448.00"
2026-07-23,444,2026072305009164,SPHL,71,66,200,543.40,"108,680.00"
2026-07-23,445,2026072305009163,SPHL,58,66,300,543.50,"163,050.00"
2026-07-23,446,2026072305009162,SPHL,8,66,205,544.00,"111,520.00"
2026-07-23,447,2026072305009495,SPL,45,74,10,680.00,"6,800.00"
2026-07-23,448,2026072305009494,SPL,45,57,100,678.00,"67,800.00"
2026-07-23,449,2026072305009493,SPL,45,74,50,676.00,"33,800.00"
2026-07-23,450,2026072305009492,SPL,45,25,40,676.00,"27,040.00"
2026-07-23,451,2026072305009516,TAMOR,68,35,120,451.50,"54,180.00"
2026-07-23,452,2026072305009358,TAMOR,28,49,375,453.00,"169,875.00"
2026-07-23,453,2026072305009357,TAMOR,28,35,10,453.00,"4,530.00"
2026-07-23,454,2026072305009356,TAMOR,28,45,100,453.00,"45,300.00"
2026-07-23,455,2026072305009355,TAMOR,28,1,15,453.00,"6,795.00"
2026-07-23,456,2026072305009291,TAMOR,72,1,60,453.00,"27,180.00"
2026-07-23,457,2026072305009637,TPC,38,32,40,361.00,"14,440.00"
2026-07-23,458,2026072305009289,TSHL,21,48,100,385.00,"38,500.00"
2026-07-23,459,2026072305009186,TSHL,21,48,110,385.00,"42,350.00"
2026-07-23,460,2026072305009185,TSHL,48,48,100,386.00,"38,600.00"
2026-07-23,461,2026072305009184,TSHL,48,48,190,386.00,"73,340.00"
2026-07-23,462,2026072305009618,UHEWA,58,58,100,598.00,"59,800.00"
2026-07-23,463,2026072305009499,UHEWA,58,80,10,597.90,"5,979.00"
2026-07-23,464,2026072305009262,UHEWA,48,48,"2,500",592.50,"1,481,250.00"
2026-07-23,465,2026072305009242,UHEWA,48,74,10,592.50,"5,925.00"
2026-07-23,466,2026072305009647,ULHC,33,46,"1,260",362.20,"456,372.00"
2026-07-23,467,2026072305009646,ULHC,38,46,240,362.30,"86,952.00"
2026-07-23,468,2026072305009335,USHEC,39,34,291,493.50,"143,608.50"
2026-07-23,469,2026072305009334,USHEC,45,34,29,494.00,"14,326.00"
2026-07-23,470,2026072305009333,USHEC,13,34,90,494.00,"44,460.00"
2026-07-23,471,2026072305009332,USHEC,57,34,40,495.00,"19,800.00"
2026-07-23,472,2026072305009613,USHL,60,42,11,550.00,"6,050.00"
2026-07-23,473,2026072305009520,USHL,50,42,10,550.00,"5,500.00"
2026-07-23,474,2026072305009361,USHL,58,101,281,540.00,"151,740.00"
2026-07-23,475,2026072305009220,USHL,58,101,78,540.00,"42,120.00"
2026-07-23,476,2026072305009219,USHL,48,101,20,540.20,"10,804.00"
2026-07-23,477,2026072305009218,USHL,19,101,10,540.40,"5,404.00"
2026-07-23,478,2026072305009211,USHL,48,101,11,542.30,"5,965.30"
2026-07-23,479,2026072305009210,USHL,57,101,10,545.50,"5,455.00"
2026-07-23,480,2026072305009209,USHL,60,101,11,545.60,"6,001.60"
2026-07-23,481,2026072305009208,USHL,48,101,13,546.10,"7,099.30"
2026-07-23,482,2026072305009207,USHL,48,101,12,546.40,"6,556.80"
2026-07-23,483,2026072305009217,USHL,60,101,101,540.60,"54,600.60"
2026-07-23,484,2026072305009216,USHL,85,101,101,540.70,"54,610.70"
2026-07-23,485,2026072305009215,USHL,85,101,10,540.70,"5,407.00"
2026-07-23,486,2026072305009214,USHL,85,101,101,540.80,"54,620.80"
2026-07-23,487,2026072305009213,USHL,48,101,12,541.00,"6,492.00"
2026-07-23,488,2026072305009212,USHL,85,101,10,541.30,"5,413.00"
2026-07-23,489,2026072305009585,VLUCL,26,42,90,460.00,"41,400.00"
2026-07-23,490,2026072305009584,VLUCL,26,10,10,460.00,"4,600.00"
2026-07-23,491,2026072305009583,VLUCL,26,58,10,455.00,"4,550.00"
2026-07-23,492,2026072305009582,VLUCL,26,58,10,455.00,"4,550.00"
2026-07-23,493,2026072305009581,VLUCL,26,58,10,455.00,"4,550.00"
2026-07-23,494,2026072305009580,VLUCL,26,58,50,455.00,"22,750.00"
2026-07-23,495,2026072305009579,VLUCL,26,42,10,454.00,"4,540.00"
2026-07-23,496,2026072305009578,VLUCL,26,42,10,453.00,"4,530.00"
2026-07-23,497,2026072305009501,VLUCL,35,42,50,448.00,"22,400.00"
2026-07-23,498,2026072305009500,VLUCL,69,42,20,450.00,"9,000.00"
2026-07-23,499,2026072305009233,VLUCL,69,42,80,450.00,"36,000.00"
2026-07-23,500,2026072305009232,VLUCL,49,42,20,450.00,"9,000.00"
