date,#,Transact. No.,Symbol,Buyer,Seller,Quantity,Rate,Amount
2026-07-13,1,2026071305010081,BBC,47,38,10,"4,070.00","40,700.00"
2026-07-13,2,2026071305010075,BEDC,58,84,48,311.00,"14,928.00"
2026-07-13,3,2026071305009948,BEDC,38,21,260,310.20,"80,652.00"
2026-07-13,4,2026071305009947,BEDC,32,21,40,310.20,"12,408.00"
2026-07-13,5,2026071305009946,BEDC,38,21,100,310.30,"31,030.00"
2026-07-13,6,2026071305009945,BEDC,42,21,200,310.30,"62,060.00"
2026-07-13,7,2026071305010138,BEDC,58,47,272,311.00,"84,592.00"
2026-07-13,8,2026071305010281,BEDC,35,7,700,310.10,"217,070.00"
2026-07-13,9,2026071305010186,BEDC,38,32,190,310.20,"58,938.00"
2026-07-13,10,2026071305010310,BHL,26,49,10,201.00,"2,010.00"
2026-07-13,11,2026071305010298,BHL,41,49,11,201.00,"2,211.00"
2026-07-13,12,2026071305010236,BHL,48,57,350,200.10,"70,035.00"
2026-07-13,13,2026071305010235,BHL,38,57,30,200.10,"6,003.00"
2026-07-13,14,2026071305010203,BHL,14,49,50,201.00,"10,050.00"
2026-07-13,15,2026071305010172,BHL,38,51,20,200.10,"4,002.00"
2026-07-13,16,2026071305009849,BHL,41,49,40,201.00,"8,040.00"
2026-07-13,17,2026071305009869,BHL,26,17,200,200.40,"40,080.00"
2026-07-13,18,2026071305009868,BHL,58,17,20,200.50,"4,010.00"
2026-07-13,19,2026071305009867,BHL,14,17,300,200.50,"60,150.00"
2026-07-13,20,2026071305009866,BHL,50,17,145,200.50,"29,072.50"
2026-07-13,21,2026071305009865,BHL,25,17,20,200.60,"4,012.00"
2026-07-13,22,2026071305009851,BHL,49,49,100,201.00,"20,100.00"
2026-07-13,23,2026071305010016,BHL,19,1,100,200.20,"20,020.00"
2026-07-13,24,2026071305010015,BHL,58,1,10,200.30,"2,003.00"
2026-07-13,25,2026071305010014,BHL,45,1,100,200.30,"20,030.00"
2026-07-13,26,2026071305010013,BHL,58,1,10,200.40,"2,004.00"
2026-07-13,27,2026071305010012,BHL,29,1,85,200.40,"17,034.00"
2026-07-13,28,2026071305009870,BHL,29,17,315,200.40,"63,126.00"
2026-07-13,29,2026071305010137,BHL,41,49,15,201.00,"3,015.00"
2026-07-13,30,2026071305010079,BHL,57,16,10,200.00,"2,000.00"
2026-07-13,31,2026071305010045,BHL,41,49,25,201.00,"5,025.00"
2026-07-13,32,2026071305010019,BHL,57,1,195,200.00,"39,000.00"
2026-07-13,33,2026071305010018,BHL,16,1,100,200.10,"20,010.00"
2026-07-13,34,2026071305010017,BHL,45,1,100,200.10,"20,010.00"
2026-07-13,35,2026071305010269,BNHC,74,14,100,275.00,"27,500.00"
2026-07-13,36,2026071305009842,BNHC,17,14,555,273.00,"151,515.00"
2026-07-13,37,2026071305009841,BNHC,33,14,500,273.00,"136,500.00"
2026-07-13,38,2026071305009840,BNHC,52,14,100,273.00,"27,300.00"
2026-07-13,39,2026071305009839,BNHC,58,14,19,273.00,"5,187.00"
2026-07-13,40,2026071305009838,BNHC,17,14,210,273.00,"57,330.00"
2026-07-13,41,2026071305009837,BNHC,58,14,50,274.00,"13,700.00"
2026-07-13,42,2026071305009836,BNHC,21,14,100,274.00,"27,400.00"
2026-07-13,43,2026071305009835,BNHC,48,14,100,274.00,"27,400.00"
2026-07-13,44,2026071305010316,CHDC,101,34,10,"2,070.00","20,700.00"
2026-07-13,45,2026071305010297,CHDC,39,34,200,"2,070.00","414,000.00"
2026-07-13,46,2026071305010202,CHDC,33,6,"50,000","2,070.00","103,500,000.00"
2026-07-13,47,2026071305010021,CHDC,35,34,25,"2,067.00","51,675.00"
2026-07-13,48,2026071305010020,CHDC,26,34,17,"2,067.00","35,139.00"
2026-07-13,49,2026071305010183,CIT,41,59,37,"1,675.00","61,975.00"
2026-07-13,50,2026071305010105,CIT,13,7,97,"1,673.00","162,281.00"
2026-07-13,51,2026071305010104,CIT,3,7,50,"1,674.00","83,700.00"
2026-07-13,52,2026071305010103,CIT,43,7,50,"1,674.00","83,700.00"
2026-07-13,53,2026071305010102,CIT,7,7,50,"1,674.00","83,700.00"
2026-07-13,54,2026071305010101,CIT,25,7,58,"1,674.50","97,121.00"
2026-07-13,55,2026071305010100,CIT,5,7,15,"1,674.60","25,119.00"
2026-07-13,56,2026071305010099,CIT,25,7,40,"1,675.00","67,000.00"
2026-07-13,57,2026071305010098,CIT,38,7,30,"1,675.00","50,250.00"
2026-07-13,58,2026071305010097,CIT,38,7,10,"1,675.00","16,750.00"
2026-07-13,59,2026071305010058,CIT,41,1,50,"1,675.50","83,775.00"
2026-07-13,60,2026071305010182,CKHL,57,94,20,539.00,"10,780.00"
2026-07-13,61,2026071305010188,CLI,50,58,63,436.00,"27,468.00"
2026-07-13,62,2026071305010106,CLI,18,58,50,436.00,"21,800.00"
2026-07-13,63,2026071305010068,CLI,57,96,13,435.20,"5,657.60"
2026-07-13,64,2026071305010290,DOLTI,62,58,100,309.00,"30,900.00"
2026-07-13,65,2026071305010289,DOLTI,91,26,70,308.00,"21,560.00"
2026-07-13,66,2026071305010261,DOLTI,91,66,50,308.00,"15,400.00"
2026-07-13,67,2026071305010205,DOLTI,62,38,100,308.00,"30,800.00"
2026-07-13,68,2026071305009915,DOLTI,22,38,20,308.00,"6,160.00"
2026-07-13,69,2026071305009864,DOLTI,45,66,400,307.00,"122,800.00"
2026-07-13,70,2026071305009848,DOLTI,58,38,50,308.00,"15,400.00"
2026-07-13,71,2026071305010177,DORDI,52,49,236,245.70,"57,985.20"
2026-07-13,72,2026071305010176,DORDI,52,49,50,245.50,"12,275.00"
2026-07-13,73,2026071305010175,DORDI,52,71,214,245.00,"52,430.00"
2026-07-13,74,2026071305010174,DORDI,58,49,50,244.00,"12,200.00"
2026-07-13,75,2026071305010322,EHPL,35,58,10,339.00,"3,390.00"
2026-07-13,76,2026071305009858,EHPL,4,84,188,334.00,"62,792.00"
2026-07-13,77,2026071305009857,EHPL,19,84,90,334.00,"30,060.00"
2026-07-13,78,2026071305009856,EHPL,56,84,623,334.00,"208,082.00"
2026-07-13,79,2026071305009855,EHPL,38,84,69,334.00,"23,046.00"
2026-07-13,80,2026071305009854,EHPL,58,84,10,334.10,"3,341.00"
2026-07-13,81,2026071305009853,EHPL,58,84,10,334.20,"3,342.00"
2026-07-13,82,2026071305010302,ENL,60,1,10,784.00,"7,840.00"
2026-07-13,83,2026071305010060,ENL,60,83,10,776.00,"7,760.00"
2026-07-13,84,2026071305009974,GCIL,16,45,12,325.20,"3,902.40"
2026-07-13,85,2026071305010249,GCIL,48,6,10,325.10,"3,251.00"
2026-07-13,86,2026071305010248,GCIL,16,6,18,325.20,"5,853.60"
2026-07-13,87,2026071305010246,GCIL,16,58,50,327.00,"16,350.00"
2026-07-13,88,2026071305010276,GCIL,11,58,20,327.00,"6,540.00"
2026-07-13,89,2026071305010166,GVL,38,50,10,470.00,"4,700.00"
2026-07-13,90,2026071305010165,GVL,38,57,11,468.00,"5,148.00"
2026-07-13,91,2026071305010044,GVL,42,60,500,467.00,"233,500.00"
2026-07-13,92,2026071305010043,GVL,42,60,490,467.00,"228,830.00"
2026-07-13,93,2026071305009904,GVL,56,57,30,465.00,"13,950.00"
2026-07-13,94,2026071305009903,GVL,77,57,20,466.00,"9,320.00"
2026-07-13,95,2026071305010067,HATHY,62,91,110,679.90,"74,789.00"
2026-07-13,96,2026071305009896,HDL,36,44,116,"1,141.00","132,356.00"
2026-07-13,97,2026071305009895,HDL,16,44,50,"1,141.10","57,055.00"
2026-07-13,98,2026071305009833,HDL,36,18,18,"1,141.00","20,538.00"
2026-07-13,99,2026071305009897,HDL,36,44,34,"1,141.00","38,794.00"
2026-07-13,100,2026071305009937,HDL,36,54,50,"1,141.00","57,050.00"
2026-07-13,101,2026071305009985,HDL,36,34,100,"1,141.00","114,100.00"
2026-07-13,102,2026071305009972,HDL,36,8,131,"1,141.00","149,471.00"
2026-07-13,103,2026071305010169,HDL,36,58,140,"1,141.00","159,740.00"
2026-07-13,104,2026071305010168,HDL,58,58,10,"1,141.10","11,411.00"
2026-07-13,105,2026071305010262,HDL,48,48,50,"1,141.10","57,055.00"
2026-07-13,106,2026071305010284,HDL,14,69,20,"1,142.00","22,840.00"
2026-07-13,107,2026071305010283,HDL,14,25,20,"1,142.00","22,840.00"
2026-07-13,108,2026071305010330,HHL,17,49,10,328.00,"3,280.00"
2026-07-13,109,2026071305010328,HHL,81,42,"1,000",325.60,"325,600.00"
2026-07-13,110,2026071305010317,HHL,57,49,10,328.00,"3,280.00"
2026-07-13,111,2026071305010282,HHL,52,49,10,328.00,"3,280.00"
2026-07-13,112,2026071305010245,HHL,81,36,136,325.60,"44,281.60"
2026-07-13,113,2026071305010244,HHL,84,36,"1,164",325.70,"379,114.80"
2026-07-13,114,2026071305010140,HHL,57,49,10,328.00,"3,280.00"
2026-07-13,115,2026071305010243,HHL,29,36,100,325.80,"32,580.00"
2026-07-13,116,2026071305010242,HHL,52,36,50,326.00,"16,300.00"
2026-07-13,117,2026071305010241,HHL,8,36,440,326.00,"143,440.00"
2026-07-13,118,2026071305010240,HHL,38,36,10,326.10,"3,261.00"
2026-07-13,119,2026071305010239,HHL,58,36,100,326.10,"32,610.00"
2026-07-13,120,2026071305010151,HHL,8,58,60,326.00,"19,560.00"
2026-07-13,121,2026071305010315,HIDCL,32,42,500,246.60,"123,300.00"
2026-07-13,122,2026071305010293,HIDCL,48,42,10,246.60,"2,466.00"
2026-07-13,123,2026071305010066,HIDCL,38,42,25,246.60,"6,165.00"
2026-07-13,124,2026071305010057,HIDCL,92,42,"2,000",246.60,"493,200.00"
2026-07-13,125,2026071305009977,HIDCL,35,42,200,246.50,"49,300.00"
2026-07-13,126,2026071305009965,HIDCL,35,74,170,246.50,"41,905.00"
2026-07-13,127,2026071305010311,HRL,44,58,10,556.00,"5,560.00"
2026-07-13,128,2026071305010303,HRL,44,90,50,556.00,"27,800.00"
2026-07-13,129,2026071305010291,HRL,44,22,50,556.00,"27,800.00"
2026-07-13,130,2026071305010278,HRL,44,43,105,556.00,"58,380.00"
2026-07-13,131,2026071305010211,HRL,29,45,30,555.60,"16,668.00"
2026-07-13,132,2026071305010210,HRL,36,45,970,556.00,"539,320.00"
2026-07-13,133,2026071305009951,HRL,58,4,30,556.10,"16,683.00"
2026-07-13,134,2026071305009950,HRL,13,4,10,556.10,"5,561.00"
2026-07-13,135,2026071305009938,HRL,49,25,"5,000",556.80,"2,784,000.00"
2026-07-13,136,2026071305009988,HRL,29,90,10,556.00,"5,560.00"
2026-07-13,137,2026071305009987,HRL,17,90,390,556.00,"216,840.00"
2026-07-13,138,2026071305009976,HRL,53,42,10,556.10,"5,561.00"
2026-07-13,139,2026071305009975,HRL,58,42,25,556.10,"13,902.50"
2026-07-13,140,2026071305009973,HRL,58,75,45,556.10,"25,024.50"
2026-07-13,141,2026071305009960,HRL,5,43,70,556.80,"38,976.00"
2026-07-13,142,2026071305010092,HRL,49,45,265,556.00,"147,340.00"
2026-07-13,143,2026071305010078,HRL,29,45,200,556.00,"111,200.00"
2026-07-13,144,2026071305010077,HRL,42,45,35,556.00,"19,460.00"
2026-07-13,145,2026071305010074,HRL,45,42,51,556.10,"28,361.10"
2026-07-13,146,2026071305010039,HRL,42,1,365,556.00,"202,940.00"
2026-07-13,147,2026071305009989,HRL,42,90,100,556.00,"55,600.00"
2026-07-13,148,2026071305010208,HRL,36,45,30,556.00,"16,680.00"
2026-07-13,149,2026071305010095,HRL,49,43,25,556.80,"13,920.00"
2026-07-13,150,2026071305010094,HRL,49,42,100,556.10,"55,610.00"
2026-07-13,151,2026071305010093,HRL,49,57,100,556.00,"55,600.00"
2026-07-13,152,2026071305010153,ILI,58,58,2,410.00,820.00
2026-07-13,153,2026071305009893,ILI,45,18,102,409.00,"41,718.00"
2026-07-13,154,2026071305009892,ILI,51,18,50,410.00,"20,500.00"
2026-07-13,155,2026071305009891,ILI,28,18,52,410.00,"21,320.00"
2026-07-13,156,2026071305009890,ILI,42,18,138,410.00,"56,580.00"
2026-07-13,157,2026071305009889,ILI,41,18,100,410.00,"41,000.00"
2026-07-13,158,2026071305009876,ILI,42,18,50,410.10,"20,505.00"
2026-07-13,159,2026071305009875,ILI,14,18,30,410.20,"12,306.00"
2026-07-13,160,2026071305009874,ILI,8,18,36,410.20,"14,767.20"
2026-07-13,161,2026071305009873,ILI,58,18,26,410.20,"10,665.20"
2026-07-13,162,2026071305009872,ILI,38,18,50,411.00,"20,550.00"
2026-07-13,163,2026071305009882,ILI,48,18,30,410.00,"12,300.00"
2026-07-13,164,2026071305009881,ILI,90,18,200,410.00,"82,000.00"
2026-07-13,165,2026071305009880,ILI,38,18,25,410.00,"10,250.00"
2026-07-13,166,2026071305009879,ILI,1,18,12,410.00,"4,920.00"
2026-07-13,167,2026071305009878,ILI,58,18,100,410.00,"41,000.00"
2026-07-13,168,2026071305009877,ILI,38,18,398,410.00,"163,180.00"
2026-07-13,169,2026071305009888,ILI,57,18,50,410.00,"20,500.00"
2026-07-13,170,2026071305009887,ILI,58,18,10,410.00,"4,100.00"
2026-07-13,171,2026071305009886,ILI,58,18,25,410.00,"10,250.00"
2026-07-13,172,2026071305009885,ILI,48,18,50,410.00,"20,500.00"
2026-07-13,173,2026071305009884,ILI,77,18,200,410.00,"82,000.00"
2026-07-13,174,2026071305009883,ILI,57,18,36,410.00,"14,760.00"
2026-07-13,175,2026071305010180,KDBY,42,38,500,10.70,"5,350.00"
2026-07-13,176,2026071305010132,KEF,77,11,600,10.66,"6,396.00"
2026-07-13,177,2026071305010332,MANDU,64,58,150,787.00,"118,050.00"
2026-07-13,178,2026071305010072,MANDU,64,35,10,787.00,"7,870.00"
2026-07-13,179,2026071305010071,MANDU,65,35,50,787.10,"39,355.00"
2026-07-13,180,2026071305010070,MANDU,16,35,40,788.00,"31,520.00"
2026-07-13,181,2026071305010181,MBJC,37,83,10,270.00,"2,700.00"
2026-07-13,182,2026071305010054,MBJC,37,58,90,270.00,"24,300.00"
2026-07-13,183,2026071305010053,MBJC,37,58,10,270.00,"2,700.00"
2026-07-13,184,2026071305010052,MBJC,37,49,10,270.00,"2,700.00"
2026-07-13,185,2026071305010051,MBJC,37,21,90,270.00,"24,300.00"
2026-07-13,186,2026071305009929,MBJC,50,29,20,267.90,"5,358.00"
2026-07-13,187,2026071305009935,MBJC,50,57,"1,315",269.00,"353,735.00"
2026-07-13,188,2026071305009934,MBJC,50,50,490,268.90,"131,761.00"
2026-07-13,189,2026071305009933,MBJC,50,35,10,268.50,"2,685.00"
2026-07-13,190,2026071305009932,MBJC,50,19,10,268.00,"2,680.00"
2026-07-13,191,2026071305009931,MBJC,50,42,10,268.00,"2,680.00"
2026-07-13,192,2026071305009930,MBJC,50,45,122,268.00,"32,696.00"
2026-07-13,193,2026071305010050,MBJC,37,21,90,270.00,"24,300.00"
2026-07-13,194,2026071305010049,MBJC,37,45,50,270.00,"13,500.00"
2026-07-13,195,2026071305010048,MBJC,37,52,10,270.00,"2,700.00"
2026-07-13,196,2026071305010047,MBJC,37,58,10,270.00,"2,700.00"
2026-07-13,197,2026071305010046,MBJC,37,34,79,270.00,"21,330.00"
2026-07-13,198,2026071305009936,MBJC,50,58,10,269.00,"2,690.00"
2026-07-13,199,2026071305010323,MCHL,58,64,10,275.00,"2,750.00"
2026-07-13,200,2026071305010312,MCHL,57,64,10,275.00,"2,750.00"
2026-07-13,201,2026071305010149,MCHL,14,1,23,262.00,"6,026.00"
2026-07-13,202,2026071305010148,MCHL,35,1,10,264.00,"2,640.00"
2026-07-13,203,2026071305010147,MCHL,58,1,20,264.00,"5,280.00"
2026-07-13,204,2026071305010146,MCHL,57,1,50,264.00,"13,200.00"
2026-07-13,205,2026071305010190,MEHL,65,38,10,300.00,"3,000.00"
2026-07-13,206,2026071305009862,MEL,7,36,95,213.00,"20,235.00"
2026-07-13,207,2026071305009861,MEL,7,50,10,212.50,"2,125.00"
2026-07-13,208,2026071305010199,MEL,28,53,10,210.00,"2,100.00"
2026-07-13,209,2026071305010136,MEL,39,53,20,210.00,"4,200.00"
2026-07-13,210,2026071305010251,MHCL,21,21,250,305.00,"76,250.00"
2026-07-13,211,2026071305010250,MHCL,38,21,100,305.10,"30,510.00"
2026-07-13,212,2026071305010026,MHCL,66,45,10,307.00,"3,070.00"
2026-07-13,213,2026071305010025,MHCL,29,45,"1,000",307.50,"307,500.00"
2026-07-13,214,2026071305010024,MHCL,29,45,20,307.60,"6,152.00"
2026-07-13,215,2026071305009982,MHCL,96,34,10,308.30,"3,083.00"
2026-07-13,216,2026071305009894,MHCL,38,34,19,308.30,"5,857.70"
2026-07-13,217,2026071305009944,MHCL,29,67,30,307.60,"9,228.00"
2026-07-13,218,2026071305009943,MHCL,39,67,100,307.70,"30,770.00"
2026-07-13,219,2026071305009942,MHCL,38,67,100,308.00,"30,800.00"
2026-07-13,220,2026071305009941,MHCL,57,67,200,308.00,"61,600.00"
2026-07-13,221,2026071305009940,MHCL,28,67,50,308.00,"15,400.00"
2026-07-13,222,2026071305009939,MHCL,49,67,20,308.20,"6,164.00"
2026-07-13,223,2026071305010286,MHL,42,1,31,468.00,"14,508.00"
2026-07-13,224,2026071305010247,MHL,56,32,30,464.00,"13,920.00"
2026-07-13,225,2026071305009906,MHL,58,49,10,466.00,"4,660.00"
2026-07-13,226,2026071305009905,MHL,58,26,105,466.00,"48,930.00"
2026-07-13,227,2026071305010135,MKHC,58,45,310,286.00,"88,660.00"
2026-07-13,228,2026071305010134,MKHC,1,45,180,286.00,"51,480.00"
2026-07-13,229,2026071305010133,MKHC,49,45,10,286.00,"2,860.00"
2026-07-13,230,2026071305010314,MKJC,1,42,15,447.00,"6,705.00"
2026-07-13,231,2026071305010131,MMF1,48,52,200,9.70,"1,940.00"
2026-07-13,232,2026071305010041,MMF1,48,52,"1,500",9.68,"14,520.00"
2026-07-13,233,2026071305009917,MMF1,48,58,100,9.60,960.00
2026-07-13,234,2026071305009916,MMF1,48,50,200,9.60,"1,920.00"
2026-07-13,235,2026071305009852,MMF1,48,42,200,9.50,"1,900.00"
2026-07-13,236,2026071305010321,MMKJL,21,35,10,449.00,"4,490.00"
2026-07-13,237,2026071305010305,NIFRA,49,58,20,244.00,"4,880.00"
2026-07-13,238,2026071305010263,NIFRA,4,58,200,244.00,"48,800.00"
2026-07-13,239,2026071305010234,NIFRA,7,68,309,243.10,"75,117.90"
2026-07-13,240,2026071305010233,NIFRA,58,68,41,243.10,"9,967.10"
2026-07-13,241,2026071305010232,NIFRA,65,68,344,243.10,"83,626.40"
2026-07-13,242,2026071305010231,NIFRA,48,68,100,243.20,"24,320.00"
2026-07-13,243,2026071305010230,NIFRA,53,68,206,243.30,"50,119.80"
2026-07-13,244,2026071305010154,NIFRA,5,58,104,244.00,"25,376.00"
2026-07-13,245,2026071305010150,NIFRA,13,58,40,244.00,"9,760.00"
2026-07-13,246,2026071305010109,NIFRA,25,58,30,244.00,"7,320.00"
2026-07-13,247,2026071305010108,NIFRA,34,58,14,244.00,"3,416.00"
2026-07-13,248,2026071305010107,NIFRA,50,58,25,244.10,"6,102.50"
2026-07-13,249,2026071305010324,NRIC,14,37,10,925.00,"9,250.00"
2026-07-13,250,2026071305010279,NRIC,22,37,400,925.00,"370,000.00"
2026-07-13,251,2026071305010229,NRIC,38,37,10,925.00,"9,250.00"
2026-07-13,252,2026071305010156,NRIC,56,37,10,927.00,"9,270.00"
2026-07-13,253,2026071305010035,NRM,58,41,10,304.00,"3,040.00"
2026-07-13,254,2026071305009980,NRM,41,53,11,305.00,"3,355.00"
2026-07-13,255,2026071305010331,NRN,99,77,10,"1,346.00","13,460.00"
2026-07-13,256,2026071305010320,NRN,21,75,15,"1,345.00","20,175.00"
2026-07-13,257,2026071305010318,NRN,6,77,"1,000","1,346.00","1,346,000.00"
2026-07-13,258,2026071305010309,NRN,32,77,10,"1,346.00","13,460.00"
2026-07-13,259,2026071305010307,NRN,60,77,10,"1,346.00","13,460.00"
2026-07-13,260,2026071305010285,NRN,42,77,10,"1,346.00","13,460.00"
2026-07-13,261,2026071305009850,NRN,29,58,100,"1,345.10","134,510.00"
2026-07-13,262,2026071305009911,NRN,13,21,50,"1,345.00","67,250.00"
2026-07-13,263,2026071305009910,NRN,47,21,20,"1,345.00","26,900.00"
2026-07-13,264,2026071305009909,NRN,22,21,10,"1,345.00","13,450.00"
2026-07-13,265,2026071305009908,NRN,35,21,181,"1,345.00","243,445.00"
2026-07-13,266,2026071305009907,NRN,16,21,300,"1,345.10","403,530.00"
2026-07-13,267,2026071305009949,NRN,34,63,454,"1,345.00","610,630.00"
2026-07-13,268,2026071305009928,NRN,34,58,50,"1,345.00","67,250.00"
2026-07-13,269,2026071305009914,NRN,34,21,364,"1,345.00","489,580.00"
2026-07-13,270,2026071305009913,NRN,49,21,25,"1,345.00","33,625.00"
2026-07-13,271,2026071305009912,NRN,38,21,50,"1,345.00","67,250.00"
2026-07-13,272,2026071305009957,NRN,25,58,350,"1,345.00","470,750.00"
2026-07-13,273,2026071305009956,NRN,58,58,10,"1,345.00","13,450.00"
2026-07-13,274,2026071305009955,NRN,38,58,50,"1,345.00","67,250.00"
2026-07-13,275,2026071305009954,NRN,53,58,200,"1,345.00","269,000.00"
2026-07-13,276,2026071305009953,NRN,21,58,10,"1,345.00","13,450.00"
2026-07-13,277,2026071305009952,NRN,34,58,132,"1,345.00","177,540.00"
2026-07-13,278,2026071305009986,NRN,16,58,200,"1,345.00","269,000.00"
2026-07-13,279,2026071305009959,NRN,64,58,300,"1,345.00","403,500.00"
2026-07-13,280,2026071305009958,NRN,6,58,50,"1,345.00","67,250.00"
2026-07-13,281,2026071305010129,NRN,22,48,58,"1,344.00","77,952.00"
2026-07-13,282,2026071305010128,NRN,90,48,92,"1,344.00","123,648.00"
2026-07-13,283,2026071305010085,NRN,101,78,200,"1,345.90","269,180.00"
2026-07-13,284,2026071305010082,NRN,90,21,198,"1,344.00","266,112.00"
2026-07-13,285,2026071305010064,NRN,21,58,198,"1,345.00","266,310.00"
2026-07-13,286,2026071305010042,NRN,90,36,310,"1,344.00","416,640.00"
2026-07-13,287,2026071305010207,NRN,22,89,100,"1,345.00","134,500.00"
2026-07-13,288,2026071305010185,NRN,57,98,258,"1,342.60","346,390.80"
2026-07-13,289,2026071305010184,NRN,64,98,200,"1,342.70","268,540.00"
2026-07-13,290,2026071305010141,NRN,22,98,42,"1,344.00","56,448.00"
2026-07-13,291,2026071305010228,NRN,99,78,10,"1,344.90","13,449.00"
2026-07-13,292,2026071305010212,NRN,62,42,15,"1,344.50","20,167.50"
2026-07-13,293,2026071305010268,NRN,101,17,300,"1,345.00","403,500.00"
2026-07-13,294,2026071305010267,NRN,101,89,900,"1,345.00","1,210,500.00"
2026-07-13,295,2026071305010266,NRN,101,78,190,"1,344.90","255,531.00"
2026-07-13,296,2026071305010294,NTC,58,42,11,846.00,"9,306.00"
2026-07-13,297,2026071305010274,NTC,57,42,64,846.00,"54,144.00"
2026-07-13,298,2026071305010273,NTC,57,60,20,846.00,"16,920.00"
2026-07-13,299,2026071305010272,NTC,57,41,150,846.00,"126,900.00"
2026-07-13,300,2026071305010271,NTC,57,53,50,846.00,"42,300.00"
2026-07-13,301,2026071305010270,NTC,57,47,159,845.20,"134,386.80"
2026-07-13,302,2026071305009971,NYADI,45,5,69,349.50,"24,115.50"
2026-07-13,303,2026071305009970,NYADI,35,5,10,349.50,"3,495.00"
2026-07-13,304,2026071305009969,NYADI,43,5,500,350.00,"175,000.00"
2026-07-13,305,2026071305009968,NYADI,56,5,290,350.10,"101,529.00"
2026-07-13,306,2026071305009967,NYADI,7,5,400,350.60,"140,240.00"
2026-07-13,307,2026071305009966,NYADI,58,5,20,350.80,"7,016.00"
2026-07-13,308,2026071305010187,PHCL,59,63,570,289.50,"165,015.00"
2026-07-13,309,2026071305010152,PHCL,58,4,26,290.00,"7,540.00"
2026-07-13,310,2026071305010086,PHCL,59,4,900,290.00,"261,000.00"
2026-07-13,311,2026071305010076,PHCL,38,4,50,290.00,"14,500.00"
2026-07-13,312,2026071305010238,PPL,44,49,147,318.00,"46,746.00"
2026-07-13,313,2026071305010237,PPL,57,49,50,318.10,"15,905.00"
2026-07-13,314,2026071305010204,PPL,57,62,10,318.10,"3,181.00"
2026-07-13,315,2026071305009981,PPL,44,48,200,318.00,"63,600.00"
2026-07-13,316,2026071305010327,RAWA,22,60,"1,000",406.00,"406,000.00"
2026-07-13,317,2026071305010326,RAWA,22,34,190,406.00,"77,140.00"
2026-07-13,318,2026071305010325,RAWA,22,10,805,400.00,"322,000.00"
2026-07-13,319,2026071305010301,RAWA,34,10,50,400.00,"20,000.00"
2026-07-13,320,2026071305010300,RAWA,53,10,20,400.00,"8,000.00"
2026-07-13,321,2026071305010299,RAWA,38,10,125,400.00,"50,000.00"
2026-07-13,322,2026071305009901,RAWA,94,22,"2,547",400.20,"1,019,309.40"
2026-07-13,323,2026071305009900,RAWA,16,22,453,400.30,"181,335.90"
2026-07-13,324,2026071305010110,RAWA,62,22,100,400.30,"40,030.00"
2026-07-13,325,2026071305010116,RAWA,26,22,250,400.00,"100,000.00"
2026-07-13,326,2026071305010115,RAWA,48,22,500,400.00,"200,000.00"
2026-07-13,327,2026071305010114,RAWA,52,22,200,400.00,"80,000.00"
2026-07-13,328,2026071305010113,RAWA,19,22,100,400.00,"40,000.00"
2026-07-13,329,2026071305010112,RAWA,54,22,20,400.10,"8,002.00"
2026-07-13,330,2026071305010111,RAWA,94,22,453,400.20,"181,290.60"
2026-07-13,331,2026071305010122,RAWA,86,22,100,400.00,"40,000.00"
2026-07-13,332,2026071305010121,RAWA,57,22,80,400.00,"32,000.00"
2026-07-13,333,2026071305010120,RAWA,58,22,429,400.00,"171,600.00"
2026-07-13,334,2026071305010119,RAWA,49,22,20,400.00,"8,000.00"
2026-07-13,335,2026071305010118,RAWA,34,22,20,400.00,"8,000.00"
2026-07-13,336,2026071305010117,RAWA,21,22,100,400.00,"40,000.00"
2026-07-13,337,2026071305010125,RAWA,14,22,28,400.00,"11,200.00"
2026-07-13,338,2026071305010124,RAWA,35,22,100,400.00,"40,000.00"
2026-07-13,339,2026071305010123,RAWA,42,22,500,400.00,"200,000.00"
2026-07-13,340,2026071305010189,RAWA,32,34,10,406.00,"4,060.00"
2026-07-13,341,2026071305010179,RAWA,71,34,10,406.00,"4,060.00"
2026-07-13,342,2026071305010258,RFPL,6,34,197,322.40,"63,512.80"
2026-07-13,343,2026071305010257,RFPL,48,34,290,322.50,"93,525.00"
2026-07-13,344,2026071305010256,RFPL,58,34,500,322.60,"161,300.00"
2026-07-13,345,2026071305010255,RFPL,5,34,13,322.60,"4,193.80"
2026-07-13,346,2026071305010197,RFPL,51,39,"2,101",327.00,"687,027.00"
2026-07-13,347,2026071305010196,RFPL,51,38,126,327.00,"41,202.00"
2026-07-13,348,2026071305010023,RFPL,42,58,62,323.50,"20,057.00"
2026-07-13,349,2026071305010022,RFPL,51,58,500,323.50,"161,750.00"
2026-07-13,350,2026071305010195,RFPL,51,35,500,325.00,"162,500.00"
2026-07-13,351,2026071305010194,RFPL,51,44,25,324.70,"8,117.50"
2026-07-13,352,2026071305010193,RFPL,51,58,200,324.00,"64,800.00"
2026-07-13,353,2026071305010192,RFPL,51,58,438,323.50,"141,693.00"
2026-07-13,354,2026071305010191,RFPL,51,52,10,323.40,"3,234.00"
2026-07-13,355,2026071305010037,RFPL,62,58,500,323.50,"161,750.00"
2026-07-13,356,2026071305010288,RHGCL,42,45,90,253.00,"22,770.00"
2026-07-13,357,2026071305010161,RHGCL,49,16,42,258.00,"10,836.00"
2026-07-13,358,2026071305010160,RHGCL,49,25,140,255.90,"35,826.00"
2026-07-13,359,2026071305010159,RHGCL,49,14,98,255.00,"24,990.00"
2026-07-13,360,2026071305010158,RHGCL,49,75,200,254.00,"50,800.00"
2026-07-13,361,2026071305010157,RHGCL,49,36,20,253.30,"5,066.00"
2026-07-13,362,2026071305010170,RMF1,32,60,100,9.79,979.00
2026-07-13,363,2026071305010173,RNLI,54,44,500,439.00,"219,500.00"
2026-07-13,364,2026071305010155,RNLI,38,59,50,439.90,"21,995.00"
2026-07-13,365,2026071305010280,RNLI,49,59,12,439.90,"5,278.80"
2026-07-13,366,2026071305010277,RNLI,28,46,12,439.00,"5,268.00"
2026-07-13,367,2026071305010329,SAHAS,34,14,10,636.90,"6,369.00"
2026-07-13,368,2026071305010287,SAHAS,34,14,80,636.90,"50,952.00"
2026-07-13,369,2026071305010073,SAHAS,42,38,10,637.00,"6,370.00"
2026-07-13,370,2026071305010063,SAHAS,32,38,72,637.00,"45,864.00"
2026-07-13,371,2026071305010062,SAHAS,32,90,13,637.00,"8,281.00"
2026-07-13,372,2026071305010061,SAHAS,32,58,15,637.00,"9,555.00"
2026-07-13,373,2026071305010306,SANVI,49,45,50,571.00,"28,550.00"
2026-07-13,374,2026071305010275,SANVI,42,58,10,570.00,"5,700.00"
2026-07-13,375,2026071305010201,SANVI,81,49,160,565.00,"90,400.00"
2026-07-13,376,2026071305010200,SANVI,51,49,50,565.10,"28,255.00"
2026-07-13,377,2026071305010167,SANVI,81,39,100,565.00,"56,500.00"
2026-07-13,378,2026071305009979,SANVI,81,57,45,565.00,"25,425.00"
2026-07-13,379,2026071305009978,SANVI,69,57,21,565.00,"11,865.00"
2026-07-13,380,2026071305010164,SHIVM,39,43,67,619.90,"41,533.30"
2026-07-13,381,2026071305010163,SHIVM,39,44,200,619.80,"123,960.00"
2026-07-13,382,2026071305010162,SHIVM,39,35,233,619.80,"144,413.40"
2026-07-13,383,2026071305010089,SHIVM,16,38,403,616.20,"248,328.60"
2026-07-13,384,2026071305010088,SHIVM,50,38,420,617.00,"259,140.00"
2026-07-13,385,2026071305010087,SHIVM,16,38,131,617.50,"80,892.50"
2026-07-13,386,2026071305010065,SHIVM,39,35,10,619.80,"6,198.00"
2026-07-13,387,2026071305010028,SHIVM,41,44,200,618.50,"123,700.00"
2026-07-13,388,2026071305009963,SHIVM,16,65,169,617.50,"104,357.50"
2026-07-13,389,2026071305009962,SHIVM,41,65,80,618.00,"49,440.00"
2026-07-13,390,2026071305009961,SHIVM,44,65,50,618.50,"30,925.00"
2026-07-13,391,2026071305009834,SHIVM,39,43,10,619.90,"6,199.00"
2026-07-13,392,2026071305010130,SIKLES,32,28,50,545.00,"27,250.00"
2026-07-13,393,2026071305009859,SIKLES,45,46,11,543.10,"5,974.10"
2026-07-13,394,2026071305010139,SMATA,7,22,203,732.00,"148,596.00"
2026-07-13,395,2026071305010226,SMH,26,41,237,490.00,"116,130.00"
2026-07-13,396,2026071305010225,SMH,42,41,500,490.00,"245,000.00"
2026-07-13,397,2026071305010224,SMH,38,41,70,490.00,"34,300.00"
2026-07-13,398,2026071305010223,SMH,41,41,50,490.00,"24,500.00"
2026-07-13,399,2026071305010222,SMH,58,41,20,490.00,"9,800.00"
2026-07-13,400,2026071305010221,SMH,48,41,50,490.00,"24,500.00"
2026-07-13,401,2026071305010214,SMH,4,41,11,491.00,"5,401.00"
2026-07-13,402,2026071305010213,SMH,57,41,111,491.20,"54,523.20"
2026-07-13,403,2026071305010096,SMH,57,49,29,491.10,"14,241.90"
2026-07-13,404,2026071305009984,SMH,32,49,31,491.10,"15,224.10"
2026-07-13,405,2026071305010220,SMH,41,41,20,490.00,"9,800.00"
2026-07-13,406,2026071305010219,SMH,22,41,100,490.00,"49,000.00"
2026-07-13,407,2026071305010218,SMH,42,41,600,490.00,"294,000.00"
2026-07-13,408,2026071305010217,SMH,53,41,10,490.00,"4,900.00"
2026-07-13,409,2026071305010216,SMH,43,41,100,490.10,"49,010.00"
2026-07-13,410,2026071305010215,SMH,58,41,396,490.10,"194,079.60"
2026-07-13,411,2026071305010313,SMHL,62,47,10,455.00,"4,550.00"
2026-07-13,412,2026071305010296,SMHL,29,90,182,452.20,"82,300.40"
2026-07-13,413,2026071305010295,SMHL,29,6,168,452.00,"75,936.00"
2026-07-13,414,2026071305010265,SMHL,93,6,40,452.00,"18,080.00"
2026-07-13,415,2026071305010264,SMHL,11,6,50,452.00,"22,600.00"
2026-07-13,416,2026071305010260,SMHL,41,90,12,452.20,"5,426.40"
2026-07-13,417,2026071305009918,SMHL,45,6,30,456.00,"13,680.00"
2026-07-13,418,2026071305009871,SMHL,49,58,23,460.00,"10,580.00"
2026-07-13,419,2026071305009863,SMHL,4,16,197,456.00,"89,832.00"
2026-07-13,420,2026071305009924,SMHL,65,6,100,455.00,"45,500.00"
2026-07-13,421,2026071305009923,SMHL,29,6,500,455.10,"227,550.00"
2026-07-13,422,2026071305009922,SMHL,43,6,103,455.10,"46,875.30"
2026-07-13,423,2026071305009921,SMHL,16,6,250,455.20,"113,800.00"
2026-07-13,424,2026071305009920,SMHL,58,6,40,455.30,"18,212.00"
2026-07-13,425,2026071305009919,SMHL,58,6,100,456.00,"45,600.00"
2026-07-13,426,2026071305010259,SMHL,45,90,306,452.20,"138,373.20"
2026-07-13,427,2026071305010083,SMHL,58,6,119,455.00,"54,145.00"
2026-07-13,428,2026071305010040,SMHL,45,6,694,452.20,"313,826.80"
2026-07-13,429,2026071305009927,SMHL,38,6,100,455.00,"45,500.00"
2026-07-13,430,2026071305009926,SMHL,40,6,200,455.00,"91,000.00"
2026-07-13,431,2026071305009925,SMHL,74,6,200,455.00,"91,000.00"
2026-07-13,432,2026071305010198,SMJC,5,66,10,429.90,"4,299.00"
2026-07-13,433,2026071305010059,SMJC,42,66,100,427.20,"42,720.00"
2026-07-13,434,2026071305010254,SONA,16,25,681,400.10,"272,468.10"
2026-07-13,435,2026071305010253,SONA,19,25,169,400.10,"67,616.90"
2026-07-13,436,2026071305010252,SONA,54,25,150,401.50,"60,225.00"
2026-07-13,437,2026071305010145,SONA,19,38,831,400.10,"332,483.10"
2026-07-13,438,2026071305010144,SONA,35,38,50,400.10,"20,005.00"
2026-07-13,439,2026071305010143,SONA,37,38,50,400.50,"20,025.00"
2026-07-13,440,2026071305009994,SONA,52,38,100,402.00,"40,200.00"
2026-07-13,441,2026071305009993,SONA,56,38,500,402.00,"201,000.00"
2026-07-13,442,2026071305009992,SONA,6,38,80,402.00,"32,160.00"
2026-07-13,443,2026071305009991,SONA,64,38,40,402.10,"16,084.00"
2026-07-13,444,2026071305009990,SONA,58,38,30,402.30,"12,069.00"
2026-07-13,445,2026071305010000,SONA,35,38,140,401.10,"56,154.00"
2026-07-13,446,2026071305009999,SONA,38,38,500,401.40,"200,700.00"
2026-07-13,447,2026071305009998,SONA,25,38,99,401.50,"39,748.50"
2026-07-13,448,2026071305009997,SONA,95,38,90,401.70,"36,153.00"
2026-07-13,449,2026071305009996,SONA,38,38,20,402.00,"8,040.00"
2026-07-13,450,2026071305009995,SONA,13,38,40,402.00,"16,080.00"
2026-07-13,451,2026071305010006,SONA,22,38,100,401.00,"40,100.00"
2026-07-13,452,2026071305010005,SONA,41,38,30,401.00,"12,030.00"
2026-07-13,453,2026071305010004,SONA,58,38,40,401.00,"16,040.00"
2026-07-13,454,2026071305010003,SONA,44,38,300,401.00,"120,300.00"
2026-07-13,455,2026071305010002,SONA,32,38,40,401.00,"16,040.00"
2026-07-13,456,2026071305010001,SONA,58,38,10,401.10,"4,011.00"
2026-07-13,457,2026071305010142,SONA,10,38,69,400.50,"27,634.50"
2026-07-13,458,2026071305010011,SONA,10,38,931,400.50,"372,865.50"
2026-07-13,459,2026071305010010,SONA,82,38,"1,000",400.60,"400,600.00"
2026-07-13,460,2026071305010009,SONA,44,38,10,401.00,"4,010.00"
2026-07-13,461,2026071305010008,SONA,56,38,700,401.00,"280,700.00"
2026-07-13,462,2026071305010007,SONA,57,38,200,401.00,"80,200.00"
2026-07-13,463,2026071305010080,SPC,19,52,10,415.00,"4,150.00"
2026-07-13,464,2026071305010069,SPC,63,58,10,413.00,"4,130.00"
2026-07-13,465,2026071305010308,SPHL,88,50,10,534.80,"5,348.00"
2026-07-13,466,2026071305010171,SPHL,88,50,10,534.80,"5,348.00"
2026-07-13,467,2026071305010029,SPHL,32,95,60,527.10,"31,626.00"
2026-07-13,468,2026071305010292,SPL,1,74,10,649.80,"6,498.00"
2026-07-13,469,2026071305010178,TAMOR,56,8,515,432.00,"222,480.00"
2026-07-13,470,2026071305010127,TAMOR,61,25,360,432.90,"155,844.00"
2026-07-13,471,2026071305010126,TAMOR,61,70,140,432.10,"60,494.00"
2026-07-13,472,2026071305010084,TAMOR,32,70,20,432.10,"8,642.00"
2026-07-13,473,2026071305009899,TAMOR,56,8,310,432.00,"133,920.00"
2026-07-13,474,2026071305009898,TAMOR,44,8,100,432.00,"43,200.00"
2026-07-13,475,2026071305010027,TPC,38,35,90,346.20,"31,158.00"
2026-07-13,476,2026071305010304,TSHL,34,36,10,329.00,"3,290.00"
2026-07-13,477,2026071305010227,TSHL,51,42,50,330.00,"16,500.00"
2026-07-13,478,2026071305010038,TSHL,51,42,20,333.00,"6,660.00"
2026-07-13,479,2026071305010036,TSHL,59,42,295,333.00,"98,235.00"
2026-07-13,480,2026071305009902,TSHL,51,42,20,333.00,"6,660.00"
2026-07-13,481,2026071305010206,UHEWA,58,11,100,555.00,"55,500.00"
2026-07-13,482,2026071305010090,UHEWA,34,11,100,555.00,"55,500.00"
2026-07-13,483,2026071305009964,UHEWA,17,11,470,555.00,"260,850.00"
2026-07-13,484,2026071305009847,UHEWA,17,33,30,555.00,"16,650.00"
2026-07-13,485,2026071305009846,UHEWA,21,33,175,555.00,"97,125.00"
2026-07-13,486,2026071305009845,UHEWA,38,33,450,555.00,"249,750.00"
2026-07-13,487,2026071305009844,UHEWA,65,33,40,555.00,"22,200.00"
2026-07-13,488,2026071305009843,UHEWA,14,33,105,555.00,"58,275.00"
2026-07-13,489,2026071305010091,ULHC,21,37,100,368.90,"36,890.00"
2026-07-13,490,2026071305010056,ULHC,35,64,14,367.10,"5,139.40"
2026-07-13,491,2026071305010055,ULHC,57,64,986,367.20,"362,059.20"
2026-07-13,492,2026071305010034,ULHC,57,4,19,367.20,"6,976.80"
2026-07-13,493,2026071305010033,ULHC,58,4,750,367.20,"275,400.00"
2026-07-13,494,2026071305010032,ULHC,47,4,78,367.50,"28,665.00"
2026-07-13,495,2026071305010031,ULHC,63,4,75,367.60,"27,570.00"
2026-07-13,496,2026071305010030,ULHC,58,4,48,367.80,"17,654.40"
2026-07-13,497,2026071305009983,ULHC,21,37,310,368.90,"114,359.00"
2026-07-13,498,2026071305010319,USHL,74,51,11,480.00,"5,280.00"
2026-07-13,499,2026071305010209,USHL,45,32,50,480.00,"24,000.00"
2026-07-13,500,2026071305009860,VLUCL,17,32,100,424.00,"42,400.00"
