date,#,Transact. No.,Symbol,Buyer,Seller,Quantity,Rate,Amount
2026-06-30,1,2026063005010904,BBC,1,99,10,"4,162.00","41,620.00"
2026-06-30,2,2026063005010497,BBC,1,66,10,"4,159.00","41,590.00"
2026-06-30,3,2026063005010468,BEDC,35,45,19,324.00,"6,156.00"
2026-06-30,4,2026063005010603,BEDC,34,74,50,325.00,"16,250.00"
2026-06-30,5,2026063005010593,BEDC,58,74,20,325.00,"6,500.00"
2026-06-30,6,2026063005010526,BEDC,7,74,10,325.00,"3,250.00"
2026-06-30,7,2026063005010621,BEDC,42,42,30,326.00,"9,780.00"
2026-06-30,8,2026063005010620,BEDC,42,74,70,325.00,"22,750.00"
2026-06-30,9,2026063005010853,BEDC,22,49,30,325.00,"9,750.00"
2026-06-30,10,2026063005010760,BEDC,1,54,330,326.00,"107,580.00"
2026-06-30,11,2026063005010759,BEDC,1,42,70,326.00,"22,820.00"
2026-06-30,12,2026063005010799,BGWT,79,57,50,587.10,"29,355.00"
2026-06-30,13,2026063005010798,BGWT,29,57,50,587.10,"29,355.00"
2026-06-30,14,2026063005010797,BGWT,49,57,55,587.10,"32,290.50"
2026-06-30,15,2026063005010796,BGWT,7,57,10,588.00,"5,880.00"
2026-06-30,16,2026063005010795,BGWT,45,57,87,588.00,"51,156.00"
2026-06-30,17,2026063005010890,BHL,48,19,10,206.20,"2,062.00"
2026-06-30,18,2026063005010770,BHL,38,1,250,206.00,"51,500.00"
2026-06-30,19,2026063005010769,BHL,38,32,116,206.00,"23,896.00"
2026-06-30,20,2026063005010768,BHL,33,32,785,206.10,"161,788.50"
2026-06-30,21,2026063005010767,BHL,49,32,99,206.20,"20,413.80"
2026-06-30,22,2026063005010726,BHL,48,29,25,206.80,"5,170.00"
2026-06-30,23,2026063005010664,BHL,42,29,10,206.80,"2,068.00"
2026-06-30,24,2026063005010663,BHL,42,44,123,206.80,"25,436.40"
2026-06-30,25,2026063005010610,BHL,34,44,10,206.80,"2,068.00"
2026-06-30,26,2026063005010554,BHL,42,44,380,206.80,"78,584.00"
2026-06-30,27,2026063005010552,BHL,42,45,60,206.80,"12,408.00"
2026-06-30,28,2026063005010548,BHL,42,58,73,206.80,"15,096.40"
2026-06-30,29,2026063005010851,BHPL,21,33,75,490.00,"36,750.00"
2026-06-30,30,2026063005010838,BHPL,48,99,10,490.50,"4,905.00"
2026-06-30,31,2026063005010837,BHPL,48,89,30,490.20,"14,706.00"
2026-06-30,32,2026063005010773,BHPL,21,45,480,490.00,"235,200.00"
2026-06-30,33,2026063005010772,BHPL,57,45,20,490.10,"9,802.00"
2026-06-30,34,2026063005010698,BHPL,42,89,500,490.20,"245,100.00"
2026-06-30,35,2026063005010627,BHPL,21,14,43,490.00,"21,070.00"
2026-06-30,36,2026063005010626,BHPL,35,14,100,490.00,"49,000.00"
2026-06-30,37,2026063005010625,BHPL,74,14,57,490.00,"27,930.00"
2026-06-30,38,2026063005010549,BHPL,36,89,50,490.20,"24,510.00"
2026-06-30,39,2026063005010491,BHPL,74,47,10,490.00,"4,900.00"
2026-06-30,40,2026063005010858,BNHC,58,22,20,312.00,"6,240.00"
2026-06-30,41,2026063005010639,BNHC,57,10,10,312.10,"3,121.00"
2026-06-30,42,2026063005010881,CHDC,59,67,10,"2,115.00","21,150.00"
2026-06-30,43,2026063005010623,CHDC,101,59,10,"2,104.00","21,040.00"
2026-06-30,44,2026063005010599,CHDC,101,45,30,"2,104.00","63,120.00"
2026-06-30,45,2026063005010515,CHDC,17,45,10,"2,117.00","21,170.00"
2026-06-30,46,2026063005010906,CIT,58,37,22,"1,685.90","37,089.80"
2026-06-30,47,2026063005010894,CIT,58,37,31,"1,685.90","52,262.90"
2026-06-30,48,2026063005010893,CIT,58,39,10,"1,685.90","16,859.00"
2026-06-30,49,2026063005010703,CIT,29,40,60,"1,685.70","101,142.00"
2026-06-30,50,2026063005010629,CIT,58,37,23,"1,685.00","38,755.00"
2026-06-30,51,2026063005010519,CIT,25,37,27,"1,685.00","45,495.00"
2026-06-30,52,2026063005010835,CKHL,45,57,10,599.00,"5,990.00"
2026-06-30,53,2026063005010725,CLI,49,57,13,443.00,"5,759.00"
2026-06-30,54,2026063005010724,CLI,49,8,13,443.00,"5,759.00"
2026-06-30,55,2026063005010723,CLI,49,58,13,443.00,"5,759.00"
2026-06-30,56,2026063005010722,CLI,49,22,13,443.00,"5,759.00"
2026-06-30,57,2026063005010721,CLI,49,17,128,442.00,"56,576.00"
2026-06-30,58,2026063005010615,CLI,49,38,12,441.80,"5,301.60"
2026-06-30,59,2026063005010503,CLI,42,21,280,441.50,"123,620.00"
2026-06-30,60,2026063005010485,CLI,42,17,25,442.00,"11,050.00"
2026-06-30,61,2026063005010891,DOLTI,85,45,10,330.50,"3,305.00"
2026-06-30,62,2026063005010839,DOLTI,19,49,20,330.20,"6,604.00"
2026-06-30,63,2026063005010806,DOLTI,92,49,100,330.20,"33,020.00"
2026-06-30,64,2026063005010557,DOLTI,14,62,48,330.00,"15,840.00"
2026-06-30,65,2026063005010556,DOLTI,58,62,32,330.10,"10,563.20"
2026-06-30,66,2026063005010555,DOLTI,57,62,20,330.20,"6,604.00"
2026-06-30,67,2026063005010763,DORDI,6,42,80,242.00,"19,360.00"
2026-06-30,68,2026063005010484,DORDI,3,42,200,242.00,"48,400.00"
2026-06-30,69,2026063005010665,EHPL,57,58,10,373.00,"3,730.00"
2026-06-30,70,2026063005010634,EHPL,87,56,10,372.00,"3,720.00"
2026-06-30,71,2026063005010514,EHPL,87,45,290,372.00,"107,880.00"
2026-06-30,72,2026063005010513,EHPL,41,45,10,374.00,"3,740.00"
2026-06-30,73,2026063005010844,GCIL,63,45,10,349.00,"3,490.00"
2026-06-30,74,2026063005010486,GCIL,25,58,1,338.60,338.60
2026-06-30,75,2026063005010453,GCIL,14,58,273,348.10,"95,031.30"
2026-06-30,76,2026063005010452,GCIL,52,58,100,348.80,"34,880.00"
2026-06-30,77,2026063005010441,GCIL,50,39,15,349.00,"5,235.00"
2026-06-30,78,2026063005010510,GCIL,22,41,10,349.60,"3,496.00"
2026-06-30,79,2026063005010624,GCIL,11,46,12,349.00,"4,188.00"
2026-06-30,80,2026063005010690,GCIL,41,41,200,348.00,"69,600.00"
2026-06-30,81,2026063005010689,GCIL,29,41,100,348.00,"34,800.00"
2026-06-30,82,2026063005010688,GCIL,49,41,456,348.00,"158,688.00"
2026-06-30,83,2026063005010687,GCIL,26,41,10,348.00,"3,480.00"
2026-06-30,84,2026063005010686,GCIL,14,41,727,348.10,"253,068.70"
2026-06-30,85,2026063005010685,GCIL,11,41,38,349.00,"13,262.00"
2026-06-30,86,2026063005010695,GCIL,48,41,13,348.00,"4,524.00"
2026-06-30,87,2026063005010694,GCIL,42,41,500,348.00,"174,000.00"
2026-06-30,88,2026063005010693,GCIL,42,41,"1,436",348.00,"499,728.00"
2026-06-30,89,2026063005010692,GCIL,58,41,900,348.00,"313,200.00"
2026-06-30,90,2026063005010691,GCIL,49,41,120,348.00,"41,760.00"
2026-06-30,91,2026063005010914,GVL,63,22,200,465.80,"93,160.00"
2026-06-30,92,2026063005010811,GVL,38,42,10,467.00,"4,670.00"
2026-06-30,93,2026063005010905,HATHY,62,81,50,687.00,"34,350.00"
2026-06-30,94,2026063005010871,HATHY,51,81,50,687.00,"34,350.00"
2026-06-30,95,2026063005010848,HATHY,38,81,25,687.00,"17,175.00"
2026-06-30,96,2026063005010782,HATHY,22,81,20,687.00,"13,740.00"
2026-06-30,97,2026063005010614,HATHY,42,87,15,684.50,"10,267.50"
2026-06-30,98,2026063005010512,HATHY,51,81,50,687.00,"34,350.00"
2026-06-30,99,2026063005010815,HDL,5,4,10,"1,141.00","11,410.00"
2026-06-30,100,2026063005010507,HDL,7,90,26,"1,140.00","29,640.00"
2026-06-30,101,2026063005010532,HDL,45,80,10,"1,140.00","11,400.00"
2026-06-30,102,2026063005010531,HDL,42,80,100,"1,140.00","114,000.00"
2026-06-30,103,2026063005010530,HDL,43,80,26,"1,140.00","29,640.00"
2026-06-30,104,2026063005010508,HDL,43,90,74,"1,140.00","84,360.00"
2026-06-30,105,2026063005010533,HDL,36,80,21,"1,140.00","23,940.00"
2026-06-30,106,2026063005010638,HDL,49,41,125,"1,140.50","142,562.50"
2026-06-30,107,2026063005010637,HDL,36,8,43,"1,140.00","49,020.00"
2026-06-30,108,2026063005010670,HDL,45,41,24,"1,140.00","27,360.00"
2026-06-30,109,2026063005010669,HDL,48,41,20,"1,140.00","22,800.00"
2026-06-30,110,2026063005010668,HDL,50,41,100,"1,140.00","114,000.00"
2026-06-30,111,2026063005010808,HDL,45,7,26,"1,140.00","29,640.00"
2026-06-30,112,2026063005010807,HDL,58,7,16,"1,140.50","18,248.00"
2026-06-30,113,2026063005010790,HDL,58,58,14,"1,140.50","15,967.00"
2026-06-30,114,2026063005010789,HDL,90,58,11,"1,140.50","12,545.50"
2026-06-30,115,2026063005010922,HHL,17,74,10,332.00,"3,320.00"
2026-06-30,116,2026063005010919,HHL,63,74,10,332.00,"3,320.00"
2026-06-30,117,2026063005010850,HHL,52,74,10,332.00,"3,320.00"
2026-06-30,118,2026063005010818,HHL,29,58,97,331.00,"32,107.00"
2026-06-30,119,2026063005010817,HHL,58,58,187,331.00,"61,897.00"
2026-06-30,120,2026063005010816,HHL,52,58,50,331.00,"16,550.00"
2026-06-30,121,2026063005010674,HHL,42,42,100,333.00,"33,300.00"
2026-06-30,122,2026063005010455,HHL,5,14,10,332.00,"3,320.00"
2026-06-30,123,2026063005010710,HHL,58,42,15,333.00,"4,995.00"
2026-06-30,124,2026063005010870,HIDCL,58,81,100,250.00,"25,000.00"
2026-06-30,125,2026063005010832,HIDCL,35,81,200,250.00,"50,000.00"
2026-06-30,126,2026063005010733,HIDCL,42,19,10,249.00,"2,490.00"
2026-06-30,127,2026063005010520,HIDCL,58,81,50,250.00,"12,500.00"
2026-06-30,128,2026063005010476,HIDCL,38,49,887,249.00,"220,863.00"
2026-06-30,129,2026063005010935,HRL,59,42,149,571.00,"85,079.00"
2026-06-30,130,2026063005010934,HRL,42,42,164,571.00,"93,644.00"
2026-06-30,131,2026063005010889,HRL,42,45,136,571.00,"77,656.00"
2026-06-30,132,2026063005010888,HRL,57,45,364,571.00,"207,844.00"
2026-06-30,133,2026063005010869,HRL,57,47,921,571.00,"525,891.00"
2026-06-30,134,2026063005010868,HRL,17,47,79,571.90,"45,180.10"
2026-06-30,135,2026063005010504,HRL,36,58,75,570.20,"42,765.00"
2026-06-30,136,2026063005010483,HRL,36,34,208,570.20,"118,601.60"
2026-06-30,137,2026063005010472,HRL,17,35,60,570.90,"34,254.00"
2026-06-30,138,2026063005010470,HRL,36,84,"1,650",570.20,"940,830.00"
2026-06-30,139,2026063005010469,HRL,47,84,200,570.20,"114,040.00"
2026-06-30,140,2026063005010559,HRL,52,36,298,570.20,"169,919.60"
2026-06-30,141,2026063005010558,HRL,36,36,47,570.20,"26,799.40"
2026-06-30,142,2026063005010544,HRL,17,54,79,571.00,"45,109.00"
2026-06-30,143,2026063005010543,HRL,17,49,21,571.00,"11,991.00"
2026-06-30,144,2026063005010521,HRL,36,52,20,570.20,"11,404.00"
2026-06-30,145,2026063005010762,HRL,14,54,20,571.00,"11,420.00"
2026-06-30,146,2026063005010727,HRL,26,28,200,570.60,"114,120.00"
2026-06-30,147,2026063005010679,HRL,26,45,60,570.60,"34,236.00"
2026-06-30,148,2026063005010622,HRL,72,54,50,571.00,"28,550.00"
2026-06-30,149,2026063005010598,HRL,17,54,100,571.00,"57,100.00"
2026-06-30,150,2026063005010589,HRL,63,54,100,571.00,"57,100.00"
2026-06-30,151,2026063005010792,HRL,57,32,50,571.00,"28,550.00"
2026-06-30,152,2026063005010787,HRL,57,29,20,571.00,"11,420.00"
2026-06-30,153,2026063005010786,HRL,57,58,100,571.00,"57,100.00"
2026-06-30,154,2026063005010785,HRL,57,22,21,571.00,"11,991.00"
2026-06-30,155,2026063005010784,HRL,57,45,10,571.00,"5,710.00"
2026-06-30,156,2026063005010783,HRL,57,54,151,571.00,"86,221.00"
2026-06-30,157,2026063005010852,HRL,17,38,21,571.90,"12,009.90"
2026-06-30,158,2026063005010834,HRL,57,34,331,571.00,"189,001.00"
2026-06-30,159,2026063005010833,HRL,54,34,10,571.90,"5,719.00"
2026-06-30,160,2026063005010820,HRL,16,50,25,572.00,"14,300.00"
2026-06-30,161,2026063005010819,HRL,16,89,100,571.90,"57,190.00"
2026-06-30,162,2026063005010813,HRL,57,51,32,571.00,"18,272.00"
2026-06-30,163,2026063005010601,IHL,53,1,40,353.00,"14,120.00"
2026-06-30,164,2026063005010600,IHL,58,1,210,353.20,"74,172.00"
2026-06-30,165,2026063005010825,ILI,49,40,26,419.00,"10,894.00"
2026-06-30,166,2026063005010824,ILI,49,35,12,419.00,"5,028.00"
2026-06-30,167,2026063005010823,ILI,49,58,12,419.00,"5,028.00"
2026-06-30,168,2026063005010805,ILI,22,45,12,418.10,"5,017.20"
2026-06-30,169,2026063005010764,ILI,29,32,30,418.00,"12,540.00"
2026-06-30,170,2026063005010490,ILI,58,40,170,418.90,"71,213.00"
2026-06-30,171,2026063005010771,MAKAR,48,35,415,465.00,"192,975.00"
2026-06-30,172,2026063005010681,MANDU,43,42,10,805.00,"8,050.00"
2026-06-30,173,2026063005010545,MANDU,47,28,150,791.00,"118,650.00"
2026-06-30,174,2026063005010477,MANDU,38,28,50,798.00,"39,900.00"
2026-06-30,175,2026063005010821,MBJC,89,5,10,272.40,"2,724.00"
2026-06-30,176,2026063005010757,MBJC,89,47,600,272.40,"163,440.00"
2026-06-30,177,2026063005010756,MBJC,42,47,162,272.40,"44,128.80"
2026-06-30,178,2026063005010755,MBJC,3,47,20,272.50,"5,450.00"
2026-06-30,179,2026063005010754,MBJC,89,47,58,273.00,"15,834.00"
2026-06-30,180,2026063005010684,MBJC,89,36,50,273.00,"13,650.00"
2026-06-30,181,2026063005010517,MBJC,42,38,10,272.50,"2,725.00"
2026-06-30,182,2026063005010683,MBJC,89,46,340,273.00,"92,820.00"
2026-06-30,183,2026063005010682,MBJC,89,32,52,272.70,"14,180.40"
2026-06-30,184,2026063005010666,MBJC,42,19,200,272.40,"54,480.00"
2026-06-30,185,2026063005010617,MBJC,42,51,138,272.40,"37,591.20"
2026-06-30,186,2026063005010616,MBJC,89,51,70,272.40,"19,068.00"
2026-06-30,187,2026063005010518,MBJC,89,38,40,272.40,"10,896.00"
2026-06-30,188,2026063005010586,MCHL,42,57,80,288.20,"23,056.00"
2026-06-30,189,2026063005010585,MCHL,47,57,100,288.40,"28,840.00"
2026-06-30,190,2026063005010584,MCHL,6,57,30,288.50,"8,655.00"
2026-06-30,191,2026063005010583,MCHL,28,57,60,288.50,"17,310.00"
2026-06-30,192,2026063005010920,MEHL,42,54,10,327.90,"3,279.00"
2026-06-30,193,2026063005010612,MEHL,22,49,10,326.00,"3,260.00"
2026-06-30,194,2026063005010588,MEL,57,45,10,219.00,"2,190.00"
2026-06-30,195,2026063005010907,MHCL,58,56,10,330.00,"3,300.00"
2026-06-30,196,2026063005010720,MHCL,58,56,48,330.00,"15,840.00"
2026-06-30,197,2026063005010719,MHCL,58,57,10,330.00,"3,300.00"
2026-06-30,198,2026063005010718,MHCL,58,65,10,330.00,"3,300.00"
2026-06-30,199,2026063005010717,MHCL,58,77,20,330.00,"6,600.00"
2026-06-30,200,2026063005010716,MHCL,58,13,10,330.00,"3,300.00"
2026-06-30,201,2026063005010496,MHCL,42,58,300,326.00,"97,800.00"
2026-06-30,202,2026063005010715,MHCL,58,49,10,328.00,"3,280.00"
2026-06-30,203,2026063005010714,MHCL,58,56,10,328.00,"3,280.00"
2026-06-30,204,2026063005010713,MHCL,58,52,10,328.00,"3,280.00"
2026-06-30,205,2026063005010712,MHCL,58,58,112,327.50,"36,680.00"
2026-06-30,206,2026063005010711,MHCL,58,77,10,327.00,"3,270.00"
2026-06-30,207,2026063005010708,MHCL,42,49,50,326.00,"16,300.00"
2026-06-30,208,2026063005010702,MKHC,79,70,35,297.00,"10,395.00"
2026-06-30,209,2026063005010701,MKHC,79,57,15,297.00,"4,455.00"
2026-06-30,210,2026063005010696,MKHC,7,45,150,296.00,"44,400.00"
2026-06-30,211,2026063005010597,MKHC,7,44,410,296.00,"121,360.00"
2026-06-30,212,2026063005010502,MKHC,7,60,220,296.00,"65,120.00"
2026-06-30,213,2026063005010501,MKHC,1,60,160,296.10,"47,376.00"
2026-06-30,214,2026063005010500,MKHC,77,60,10,296.10,"2,961.00"
2026-06-30,215,2026063005010454,MKHC,77,45,10,296.10,"2,961.00"
2026-06-30,216,2026063005010550,MKJC,17,26,11,456.10,"5,017.10"
2026-06-30,217,2026063005010667,MMKJL,6,54,20,467.00,"9,340.00"
2026-06-30,218,2026063005010541,MMKJL,6,25,20,466.10,"9,322.00"
2026-06-30,219,2026063005010540,MMKJL,96,25,10,466.20,"4,662.00"
2026-06-30,220,2026063005010675,MSHL,89,41,83,585.00,"48,555.00"
2026-06-30,221,2026063005010534,MSHL,58,41,30,585.00,"17,550.00"
2026-06-30,222,2026063005010847,NICFC,43,58,100,9.10,910.00
2026-06-30,223,2026063005010791,NIFRA,58,41,11,247.20,"2,719.20"
2026-06-30,224,2026063005010788,NIFRA,53,57,420,247.00,"103,740.00"
2026-06-30,225,2026063005010781,NIFRA,53,42,"2,377",247.00,"587,119.00"
2026-06-30,226,2026063005010780,NIFRA,11,42,100,247.20,"24,720.00"
2026-06-30,227,2026063005010779,NIFRA,4,42,23,247.20,"5,685.60"
2026-06-30,228,2026063005010697,NIFRA,57,7,10,247.30,"2,473.00"
2026-06-30,229,2026063005010547,NIFRA,56,7,24,247.30,"5,935.20"
2026-06-30,230,2026063005010546,NIFRA,56,32,202,247.30,"49,954.60"
2026-06-30,231,2026063005010482,NIFRA,40,32,100,247.30,"24,730.00"
2026-06-30,232,2026063005010908,NRIC,56,45,10,919.00,"9,190.00"
2026-06-30,233,2026063005010765,NRIC,62,49,10,916.10,"9,161.00"
2026-06-30,234,2026063005010553,NRIC,38,49,100,919.00,"91,900.00"
2026-06-30,235,2026063005010479,NRIC,49,58,10,916.00,"9,160.00"
2026-06-30,236,2026063005010478,NRIC,17,58,20,916.00,"18,320.00"
2026-06-30,237,2026063005010857,NRM,7,45,63,321.10,"20,229.30"
2026-06-30,238,2026063005010856,NRM,42,45,10,321.50,"3,215.00"
2026-06-30,239,2026063005010855,NRM,59,45,27,322.00,"8,694.00"
2026-06-30,240,2026063005010709,NRM,59,45,43,322.00,"13,846.00"
2026-06-30,241,2026063005010705,NRM,22,45,30,322.00,"9,660.00"
2026-06-30,242,2026063005010900,NRN,60,50,10,"1,412.50","14,125.00"
2026-06-30,243,2026063005010892,NRN,77,38,11,"1,410.00","15,510.00"
2026-06-30,244,2026063005010836,NRN,77,90,50,"1,410.00","70,500.00"
2026-06-30,245,2026063005010810,NRN,77,6,50,"1,410.00","70,500.00"
2026-06-30,246,2026063005010511,NRN,64,8,200,"1,403.00","280,600.00"
2026-06-30,247,2026063005010609,NRN,29,7,600,"1,403.10","841,860.00"
2026-06-30,248,2026063005010608,NRN,32,7,200,"1,403.10","280,620.00"
2026-06-30,249,2026063005010539,NRN,56,99,170,"1,404.00","238,680.00"
2026-06-30,250,2026063005010538,NRN,56,25,30,"1,404.00","42,120.00"
2026-06-30,251,2026063005010633,NRN,64,32,40,"1,405.00","56,200.00"
2026-06-30,252,2026063005010632,NRN,64,58,230,"1,405.00","323,150.00"
2026-06-30,253,2026063005010631,NRN,64,8,90,"1,404.90","126,441.00"
2026-06-30,254,2026063005010630,NRN,64,99,30,"1,404.00","42,120.00"
2026-06-30,255,2026063005010661,NRN,77,22,568,"1,410.00","800,880.00"
2026-06-30,256,2026063005010660,NRN,77,57,500,"1,410.00","705,000.00"
2026-06-30,257,2026063005010659,NRN,77,5,110,"1,410.00","155,100.00"
2026-06-30,258,2026063005010658,NRN,77,58,15,"1,410.00","21,150.00"
2026-06-30,259,2026063005010657,NRN,77,56,"1,000","1,409.90","1,409,900.00"
2026-06-30,260,2026063005010656,NRN,77,5,300,"1,409.00","422,700.00"
2026-06-30,261,2026063005010677,NRN,40,57,5,"1,411.00","7,055.00"
2026-06-30,262,2026063005010676,NRN,99,57,10,"1,411.00","14,110.00"
2026-06-30,263,2026063005010662,NRN,77,41,15,"1,410.00","21,150.00"
2026-06-30,264,2026063005010734,NRN,99,40,10,"1,411.00","14,110.00"
2026-06-30,265,2026063005010766,NRN,77,57,10,"1,410.00","14,100.00"
2026-06-30,266,2026063005010735,NRN,99,36,10,"1,412.40","14,124.00"
2026-06-30,267,2026063005010862,NTC,58,43,10,843.00,"8,430.00"
2026-06-30,268,2026063005010845,NTC,28,43,50,843.00,"42,150.00"
2026-06-30,269,2026063005010809,NTC,45,43,20,843.00,"16,860.00"
2026-06-30,270,2026063005010673,NTC,58,43,30,843.00,"25,290.00"
2026-06-30,271,2026063005010488,NTC,28,43,50,843.00,"42,150.00"
2026-06-30,272,2026063005010487,NTC,38,43,227,843.10,"191,383.70"
2026-06-30,273,2026063005010793,NYADI,58,42,20,376.00,"7,520.00"
2026-06-30,274,2026063005010917,PHCL,91,49,328,292.10,"95,808.80"
2026-06-30,275,2026063005010916,PHCL,57,49,172,292.20,"50,258.40"
2026-06-30,276,2026063005010899,PHCL,39,44,33,293.00,"9,669.00"
2026-06-30,277,2026063005010898,PHCL,39,89,27,293.00,"7,911.00"
2026-06-30,278,2026063005010897,PHCL,39,13,50,292.50,"14,625.00"
2026-06-30,279,2026063005010863,PHCL,58,13,50,292.50,"14,625.00"
2026-06-30,280,2026063005010581,PHCL,85,49,60,292.50,"17,550.00"
2026-06-30,281,2026063005010812,PHCL,44,13,200,292.50,"58,500.00"
2026-06-30,282,2026063005010652,PHCL,85,13,50,293.00,"14,650.00"
2026-06-30,283,2026063005010636,PHCL,22,13,100,293.00,"29,300.00"
2026-06-30,284,2026063005010618,PHCL,58,63,10,292.50,"2,925.00"
2026-06-30,285,2026063005010606,PHCL,58,58,260,292.50,"76,050.00"
2026-06-30,286,2026063005010605,PHCL,85,58,40,292.50,"11,700.00"
2026-06-30,287,2026063005010854,PPL,58,52,10,319.00,"3,190.00"
2026-06-30,288,2026063005010528,PPL,58,42,15,319.00,"4,785.00"
2026-06-30,289,2026063005010527,PPL,58,34,88,319.00,"28,072.00"
2026-06-30,290,2026063005010939,RAWA,16,39,10,446.60,"4,466.00"
2026-06-30,291,2026063005010931,RAWA,22,39,89,446.60,"39,747.40"
2026-06-30,292,2026063005010930,RAWA,22,8,100,445.00,"44,500.00"
2026-06-30,293,2026063005010929,RAWA,22,58,129,444.00,"57,276.00"
2026-06-30,294,2026063005010928,RAWA,22,39,100,443.90,"44,390.00"
2026-06-30,295,2026063005010927,RAWA,22,32,60,442.70,"26,562.00"
2026-06-30,296,2026063005010505,RAWA,42,62,100,438.50,"43,850.00"
2026-06-30,297,2026063005010591,RAWA,74,62,158,439.90,"69,504.20"
2026-06-30,298,2026063005010590,RAWA,74,58,142,439.00,"62,338.00"
2026-06-30,299,2026063005010643,RAWA,48,38,10,435.50,"4,355.00"
2026-06-30,300,2026063005010642,RAWA,1,38,10,435.80,"4,358.00"
2026-06-30,301,2026063005010641,RAWA,7,38,40,435.90,"17,436.00"
2026-06-30,302,2026063005010611,RAWA,48,22,300,438.00,"131,400.00"
2026-06-30,303,2026063005010649,RAWA,38,38,50,434.00,"21,700.00"
2026-06-30,304,2026063005010648,RAWA,49,38,275,434.00,"119,350.00"
2026-06-30,305,2026063005010647,RAWA,39,38,100,434.10,"43,410.00"
2026-06-30,306,2026063005010646,RAWA,6,38,100,435.00,"43,500.00"
2026-06-30,307,2026063005010645,RAWA,39,38,25,435.20,"10,880.00"
2026-06-30,308,2026063005010644,RAWA,29,38,50,435.50,"21,775.00"
2026-06-30,309,2026063005010910,RAWA,1,63,10,434.10,"4,341.00"
2026-06-30,310,2026063005010909,RAWA,45,63,230,435.00,"100,050.00"
2026-06-30,311,2026063005010650,RAWA,49,38,"1,020",433.50,"442,170.00"
2026-06-30,312,2026063005010926,RAWA,22,14,150,441.00,"66,150.00"
2026-06-30,313,2026063005010925,RAWA,22,33,200,440.00,"88,000.00"
2026-06-30,314,2026063005010924,RAWA,22,51,30,440.00,"13,200.00"
2026-06-30,315,2026063005010923,RAWA,22,62,142,439.90,"62,465.80"
2026-06-30,316,2026063005010912,RAWA,39,63,10,433.80,"4,338.00"
2026-06-30,317,2026063005010911,RAWA,57,63,50,434.00,"21,700.00"
2026-06-30,318,2026063005010831,RFPL,70,19,691,336.60,"232,590.60"
2026-06-30,319,2026063005010830,RFPL,49,19,150,337.00,"50,550.00"
2026-06-30,320,2026063005010829,RFPL,81,19,50,338.00,"16,900.00"
2026-06-30,321,2026063005010828,RFPL,25,19,20,338.50,"6,770.00"
2026-06-30,322,2026063005010580,RFPL,58,19,10,340.00,"3,400.00"
2026-06-30,323,2026063005010579,RFPL,48,19,36,340.00,"12,240.00"
2026-06-30,324,2026063005010560,RFPL,54,56,79,344.00,"27,176.00"
2026-06-30,325,2026063005010566,RFPL,51,19,200,342.00,"68,400.00"
2026-06-30,326,2026063005010565,RFPL,37,19,300,342.00,"102,600.00"
2026-06-30,327,2026063005010564,RFPL,42,19,89,342.00,"30,438.00"
2026-06-30,328,2026063005010563,RFPL,57,19,300,343.00,"102,900.00"
2026-06-30,329,2026063005010562,RFPL,82,19,479,343.10,"164,344.90"
2026-06-30,330,2026063005010561,RFPL,82,56,21,343.10,"7,205.10"
2026-06-30,331,2026063005010572,RFPL,48,19,200,340.00,"68,000.00"
2026-06-30,332,2026063005010571,RFPL,35,19,200,340.10,"68,020.00"
2026-06-30,333,2026063005010570,RFPL,26,19,"1,000",340.60,"340,600.00"
2026-06-30,334,2026063005010569,RFPL,57,19,980,341.00,"334,180.00"
2026-06-30,335,2026063005010568,RFPL,52,19,50,341.00,"17,050.00"
2026-06-30,336,2026063005010567,RFPL,74,19,300,341.00,"102,300.00"
2026-06-30,337,2026063005010578,RFPL,19,19,10,340.00,"3,400.00"
2026-06-30,338,2026063005010577,RFPL,43,19,300,340.00,"102,000.00"
2026-06-30,339,2026063005010576,RFPL,32,19,25,340.00,"8,500.00"
2026-06-30,340,2026063005010575,RFPL,35,19,200,340.00,"68,000.00"
2026-06-30,341,2026063005010574,RFPL,35,19,100,340.00,"34,000.00"
2026-06-30,342,2026063005010573,RFPL,16,19,300,340.00,"102,000.00"
2026-06-30,343,2026063005010882,RHGCL,1,42,10,263.90,"2,639.00"
2026-06-30,344,2026063005010814,RHGCL,17,42,10,263.90,"2,639.00"
2026-06-30,345,2026063005010463,RHGCL,35,16,150,260.40,"39,060.00"
2026-06-30,346,2026063005010462,RHGCL,41,16,"1,000",260.50,"260,500.00"
2026-06-30,347,2026063005010471,RNLI,34,59,12,444.10,"5,329.20"
2026-06-30,348,2026063005010509,RNLI,34,59,24,444.10,"10,658.40"
2026-06-30,349,2026063005010903,SAHAS,25,48,83,630.20,"52,306.60"
2026-06-30,350,2026063005010902,SAHAS,25,48,10,631.00,"6,310.00"
2026-06-30,351,2026063005010901,SAHAS,32,48,907,631.00,"572,317.00"
2026-06-30,352,2026063005010846,SAHAS,45,17,50,632.00,"31,600.00"
2026-06-30,353,2026063005010827,SAHAS,38,17,11,632.00,"6,952.00"
2026-06-30,354,2026063005010822,SAHAS,45,17,80,632.00,"50,560.00"
2026-06-30,355,2026063005010492,SAHAS,57,96,250,632.20,"158,050.00"
2026-06-30,356,2026063005010595,SAHAS,57,19,69,632.20,"43,621.80"
2026-06-30,357,2026063005010551,SAHAS,5,96,500,632.10,"316,050.00"
2026-06-30,358,2026063005010506,SAHAS,34,19,31,632.20,"19,598.20"
2026-06-30,359,2026063005010495,SAHAS,48,96,60,632.00,"37,920.00"
2026-06-30,360,2026063005010494,SAHAS,58,96,20,632.10,"12,642.00"
2026-06-30,361,2026063005010493,SAHAS,34,96,670,632.20,"423,574.00"
2026-06-30,362,2026063005010728,SAHAS,58,42,10,632.10,"6,321.00"
2026-06-30,363,2026063005010706,SAHAS,48,49,114,632.00,"72,048.00"
2026-06-30,364,2026063005010680,SAHAS,48,58,175,632.00,"110,600.00"
2026-06-30,365,2026063005010613,SAHAS,48,35,13,632.00,"8,216.00"
2026-06-30,366,2026063005010602,SAHAS,57,42,17,632.20,"10,747.40"
2026-06-30,367,2026063005010596,SAHAS,57,42,131,632.20,"82,818.20"
2026-06-30,368,2026063005010741,SAHAS,28,40,400,631.10,"252,440.00"
2026-06-30,369,2026063005010740,SAHAS,82,40,"1,000",631.10,"631,100.00"
2026-06-30,370,2026063005010739,SAHAS,40,40,100,631.10,"63,110.00"
2026-06-30,371,2026063005010738,SAHAS,25,40,100,631.20,"63,120.00"
2026-06-30,372,2026063005010737,SAHAS,82,40,500,632.00,"316,000.00"
2026-06-30,373,2026063005010736,SAHAS,48,40,558,632.00,"352,656.00"
2026-06-30,374,2026063005010747,SAHAS,26,40,500,631.00,"315,500.00"
2026-06-30,375,2026063005010746,SAHAS,4,40,200,631.00,"126,200.00"
2026-06-30,376,2026063005010745,SAHAS,43,40,100,631.00,"63,100.00"
2026-06-30,377,2026063005010744,SAHAS,34,40,"1,000",631.00,"631,000.00"
2026-06-30,378,2026063005010743,SAHAS,11,40,20,631.00,"12,620.00"
2026-06-30,379,2026063005010742,SAHAS,47,40,"2,000",631.00,"1,262,000.00"
2026-06-30,380,2026063005010778,SAHAS,28,42,40,632.10,"25,284.00"
2026-06-30,381,2026063005010752,SAHAS,32,40,93,631.00,"58,683.00"
2026-06-30,382,2026063005010751,SAHAS,38,40,50,631.00,"31,550.00"
2026-06-30,383,2026063005010750,SAHAS,58,40,20,631.00,"12,620.00"
2026-06-30,384,2026063005010749,SAHAS,58,40,10,631.00,"6,310.00"
2026-06-30,385,2026063005010748,SAHAS,38,40,15,631.00,"9,465.00"
2026-06-30,386,2026063005010895,SANVI,49,22,30,613.50,"18,405.00"
2026-06-30,387,2026063005010861,SANVI,41,41,100,612.00,"61,200.00"
2026-06-30,388,2026063005010775,SANVI,56,48,10,610.00,"6,100.00"
2026-06-30,389,2026063005010758,SANVI,41,35,10,608.00,"6,080.00"
2026-06-30,390,2026063005010542,SANVI,41,58,100,610.00,"61,000.00"
2026-06-30,391,2026063005010451,SANVI,96,19,475,607.00,"288,325.00"
2026-06-30,392,2026063005010444,SANVI,42,19,50,607.10,"30,355.00"
2026-06-30,393,2026063005010443,SANVI,25,19,100,607.20,"60,720.00"
2026-06-30,394,2026063005010442,SANVI,57,19,60,609.00,"36,540.00"
2026-06-30,395,2026063005010450,SANVI,42,19,75,607.00,"45,525.00"
2026-06-30,396,2026063005010449,SANVI,38,19,80,607.00,"48,560.00"
2026-06-30,397,2026063005010448,SANVI,26,19,20,607.00,"12,140.00"
2026-06-30,398,2026063005010447,SANVI,42,19,200,607.00,"121,400.00"
2026-06-30,399,2026063005010446,SANVI,57,19,10,607.00,"6,070.00"
2026-06-30,400,2026063005010445,SANVI,4,19,10,607.10,"6,071.00"
2026-06-30,401,2026063005010699,SGHC,97,34,94,328.00,"30,832.00"
2026-06-30,402,2026063005010842,SHIVM,49,60,300,624.00,"187,200.00"
2026-06-30,403,2026063005010841,SHIVM,35,60,100,624.00,"62,400.00"
2026-06-30,404,2026063005010840,SHIVM,75,60,915,624.00,"570,960.00"
2026-06-30,405,2026063005010761,SHIVM,75,35,300,624.00,"187,200.00"
2026-06-30,406,2026063005010707,SHIVM,48,17,300,624.50,"187,350.00"
2026-06-30,407,2026063005010635,SHIVM,46,60,10,625.00,"6,250.00"
2026-06-30,408,2026063005010619,SHIVM,75,48,100,624.00,"62,400.00"
2026-06-30,409,2026063005010607,SHIVM,75,48,500,624.00,"312,000.00"
2026-06-30,410,2026063005010582,SHIVM,75,45,185,624.00,"115,440.00"
2026-06-30,411,2026063005010481,SHIVM,34,45,65,624.10,"40,566.50"
2026-06-30,412,2026063005010921,SIKLES,58,81,25,547.00,"13,675.00"
2026-06-30,413,2026063005010826,SIKLES,44,52,500,546.50,"273,250.00"
2026-06-30,414,2026063005010653,SIKLES,42,81,20,547.00,"10,940.00"
2026-06-30,415,2026063005010859,SMATA,56,42,10,743.00,"7,430.00"
2026-06-30,416,2026063005010672,SMATA,58,35,20,745.00,"14,900.00"
2026-06-30,417,2026063005010938,SMH,26,38,75,521.70,"39,127.50"
2026-06-30,418,2026063005010937,SMH,43,38,109,521.80,"56,876.20"
2026-06-30,419,2026063005010936,SMH,62,38,16,521.80,"8,348.80"
2026-06-30,420,2026063005010933,SMH,62,13,26,530.00,"13,780.00"
2026-06-30,421,2026063005010932,SMH,62,16,74,530.00,"39,220.00"
2026-06-30,422,2026063005010887,SMH,60,16,26,530.00,"13,780.00"
2026-06-30,423,2026063005010886,SMH,60,58,84,522.00,"43,848.00"
2026-06-30,424,2026063005010753,SMH,58,58,10,522.00,"5,220.00"
2026-06-30,425,2026063005010475,SMH,4,58,20,522.00,"10,440.00"
2026-06-30,426,2026063005010474,SMH,4,38,23,522.00,"12,006.00"
2026-06-30,427,2026063005010473,SMH,4,87,32,522.00,"16,704.00"
2026-06-30,428,2026063005010849,SMHL,35,17,10,469.00,"4,690.00"
2026-06-30,429,2026063005010458,SMHL,90,34,90,466.00,"41,940.00"
2026-06-30,430,2026063005010457,SMHL,3,34,89,466.00,"41,474.00"
2026-06-30,431,2026063005010456,SMHL,32,34,150,466.10,"69,915.00"
2026-06-30,432,2026063005010592,SMJC,47,58,100,441.10,"44,110.00"
2026-06-30,433,2026063005010525,SMJC,64,58,51,441.10,"22,496.10"
2026-06-30,434,2026063005010461,SMJC,64,94,100,441.10,"44,110.00"
2026-06-30,435,2026063005010700,SONA,34,14,50,416.10,"20,805.00"
2026-06-30,436,2026063005010628,SONA,72,45,90,416.10,"37,449.00"
2026-06-30,437,2026063005010537,SONA,34,22,10,417.00,"4,170.00"
2026-06-30,438,2026063005010536,SONA,34,38,10,417.00,"4,170.00"
2026-06-30,439,2026063005010535,SONA,34,58,10,416.80,"4,168.00"
2026-06-30,440,2026063005010459,SONA,72,8,10,416.10,"4,161.00"
2026-06-30,441,2026063005010940,SPC,17,70,10,411.00,"4,110.00"
2026-06-30,442,2026063005010880,SPC,26,45,510,405.00,"206,550.00"
2026-06-30,443,2026063005010879,SPC,58,45,50,405.00,"20,250.00"
2026-06-30,444,2026063005010878,SPC,34,45,100,405.00,"40,500.00"
2026-06-30,445,2026063005010877,SPC,57,45,100,405.00,"40,500.00"
2026-06-30,446,2026063005010876,SPC,6,45,70,405.00,"28,350.00"
2026-06-30,447,2026063005010875,SPC,53,45,50,406.00,"20,300.00"
2026-06-30,448,2026063005010874,SPC,53,45,100,406.00,"40,600.00"
2026-06-30,449,2026063005010873,SPC,41,45,10,406.00,"4,060.00"
2026-06-30,450,2026063005010872,SPC,43,45,10,406.10,"4,061.00"
2026-06-30,451,2026063005010883,SPHL,6,35,20,577.00,"11,540.00"
2026-06-30,452,2026063005010867,SPHL,63,35,21,577.00,"12,117.00"
2026-06-30,453,2026063005010866,SPHL,63,39,100,571.60,"57,160.00"
2026-06-30,454,2026063005010865,SPHL,63,59,550,570.00,"313,500.00"
2026-06-30,455,2026063005010864,SPHL,63,49,19,555.00,"10,545.00"
2026-06-30,456,2026063005010604,SPHL,35,21,10,553.00,"5,530.00"
2026-06-30,457,2026063005010915,SPL,42,45,10,670.00,"6,700.00"
2026-06-30,458,2026063005010913,SPL,35,34,10,668.00,"6,680.00"
2026-06-30,459,2026063005010885,STC,32,14,10,"5,199.00","51,990.00"
2026-06-30,460,2026063005010884,STC,32,42,10,"5,175.00","51,750.00"
2026-06-30,461,2026063005010794,STC,51,26,40,"5,150.20","206,008.00"
2026-06-30,462,2026063005010804,TAMOR,44,33,789,438.60,"346,055.40"
2026-06-30,463,2026063005010803,TAMOR,36,33,200,438.70,"87,740.00"
2026-06-30,464,2026063005010802,TAMOR,50,33,11,438.70,"4,825.70"
2026-06-30,465,2026063005010777,TAMOR,50,50,289,438.70,"126,784.30"
2026-06-30,466,2026063005010776,TAMOR,82,50,11,438.70,"4,825.70"
2026-06-30,467,2026063005010774,TAMOR,82,42,20,438.70,"8,774.00"
2026-06-30,468,2026063005010671,TAMOR,82,58,65,438.70,"28,515.50"
2026-06-30,469,2026063005010640,TAMOR,82,64,100,438.70,"43,870.00"
2026-06-30,470,2026063005010587,TAMOR,82,64,50,438.70,"21,935.00"
2026-06-30,471,2026063005010522,TAMOR,82,64,100,438.70,"43,870.00"
2026-06-30,472,2026063005010860,TPC,33,4,80,350.30,"28,024.00"
2026-06-30,473,2026063005010801,TPC,33,58,100,350.30,"35,030.00"
2026-06-30,474,2026063005010800,TPC,41,58,100,350.50,"35,050.00"
2026-06-30,475,2026063005010516,TPC,10,4,10,351.00,"3,510.00"
2026-06-30,476,2026063005010498,TPC,69,4,10,351.00,"3,510.00"
2026-06-30,477,2026063005010678,TSHL,18,42,20,445.20,"8,904.00"
2026-06-30,478,2026063005010655,TSHL,18,36,30,445.20,"13,356.00"
2026-06-30,479,2026063005010654,TSHL,58,36,10,445.30,"4,453.00"
2026-06-30,480,2026063005010594,TSHL,6,36,40,445.60,"17,824.00"
2026-06-30,481,2026063005010529,TSHL,65,36,100,446.00,"44,600.00"
2026-06-30,482,2026063005010460,TSHL,22,36,40,446.00,"17,840.00"
2026-06-30,483,2026063005010732,UHEWA,48,58,21,581.90,"12,219.90"
2026-06-30,484,2026063005010731,UHEWA,48,58,30,582.60,"17,478.00"
2026-06-30,485,2026063005010730,UHEWA,48,58,30,583.20,"17,496.00"
2026-06-30,486,2026063005010729,UHEWA,48,58,19,584.90,"11,113.10"
2026-06-30,487,2026063005010704,UHEWA,48,38,11,584.90,"6,433.90"
2026-06-30,488,2026063005010489,UHEWA,48,3,30,585.10,"17,553.00"
2026-06-30,489,2026063005010524,ULHC,58,42,85,421.10,"35,793.50"
2026-06-30,490,2026063005010499,ULHC,56,58,500,422.00,"211,000.00"
2026-06-30,491,2026063005010467,ULHC,56,58,424,422.00,"178,928.00"
2026-06-30,492,2026063005010466,ULHC,56,33,100,421.90,"42,190.00"
2026-06-30,493,2026063005010465,ULHC,56,57,400,421.90,"168,760.00"
2026-06-30,494,2026063005010464,ULHC,56,64,76,421.50,"32,034.00"
2026-06-30,495,2026063005010918,USHL,85,65,11,557.90,"6,136.90"
2026-06-30,496,2026063005010896,USHL,41,88,10,529.00,"5,290.00"
2026-06-30,497,2026063005010523,USHL,88,17,10,557.00,"5,570.00"
2026-06-30,498,2026063005010480,USHL,52,88,10,532.00,"5,320.00"
2026-06-30,499,2026063005010843,VLUCL,34,21,10,439.00,"4,390.00"
2026-06-30,500,2026063005010651,VLUCL,34,57,160,439.00,"70,240.00"
