date,#,Transact. No.,Symbol,Buyer,Seller,Quantity,Rate,Amount
2026-07-17,1,2026071705011894,AHL,54,33,30,430.00,"12,900.00"
2026-07-17,2,2026071705011870,BEDC,67,35,100,330.00,"33,000.00"
2026-07-17,3,2026071705011747,BEDC,1,60,35,329.80,"11,543.00"
2026-07-17,4,2026071705011722,BEDC,65,32,50,330.00,"16,500.00"
2026-07-17,5,2026071705011689,BEDC,13,32,50,330.00,"16,500.00"
2026-07-17,6,2026071705012090,BGWT,47,47,10,560.00,"5,600.00"
2026-07-17,7,2026071705012089,BGWT,45,47,10,565.00,"5,650.00"
2026-07-17,8,2026071705012053,BGWT,57,47,10,577.90,"5,779.00"
2026-07-17,9,2026071705011750,BGWT,57,47,10,577.90,"5,779.00"
2026-07-17,10,2026071705012029,BHL,32,45,30,212.00,"6,360.00"
2026-07-17,11,2026071705011873,BHL,21,45,140,212.00,"29,680.00"
2026-07-17,12,2026071705011862,BHL,58,45,25,212.00,"5,300.00"
2026-07-17,13,2026071705011861,BHL,32,45,100,212.00,"21,200.00"
2026-07-17,14,2026071705011860,BHL,46,45,40,212.00,"8,480.00"
2026-07-17,15,2026071705011859,BHL,14,45,100,212.00,"21,200.00"
2026-07-17,16,2026071705011817,BHL,46,57,40,213.00,"8,520.00"
2026-07-17,17,2026071705011816,BHL,58,57,52,213.00,"11,076.00"
2026-07-17,18,2026071705011779,BHL,6,56,177,213.90,"37,860.30"
2026-07-17,19,2026071705011778,BHL,6,38,290,213.90,"62,031.00"
2026-07-17,20,2026071705011858,BHL,62,45,100,212.00,"21,200.00"
2026-07-17,21,2026071705011857,BHL,51,45,500,212.00,"106,000.00"
2026-07-17,22,2026071705011856,BHL,51,45,500,212.10,"106,050.00"
2026-07-17,23,2026071705011855,BHL,51,45,500,212.50,"106,250.00"
2026-07-17,24,2026071705011854,BHL,25,45,892,213.00,"189,996.00"
2026-07-17,25,2026071705011818,BHL,25,57,108,213.00,"23,004.00"
2026-07-17,26,2026071705011896,BHPL,59,47,18,489.00,"8,802.00"
2026-07-17,27,2026071705012185,BNHC,99,45,20,289.90,"5,798.00"
2026-07-17,28,2026071705012174,CHDC,35,71,10,"2,154.90","21,549.00"
2026-07-17,29,2026071705012056,CHDC,42,57,43,"2,155.00","92,665.00"
2026-07-17,30,2026071705011909,CHDC,25,57,20,"2,155.00","43,100.00"
2026-07-17,31,2026071705011887,CIT,14,49,100,"1,697.00","169,700.00"
2026-07-17,32,2026071705012133,CKHL,82,33,50,614.00,"30,700.00"
2026-07-17,33,2026071705012132,CKHL,82,33,50,613.00,"30,650.00"
2026-07-17,34,2026071705011762,CKHL,62,33,20,610.00,"12,200.00"
2026-07-17,35,2026071705011905,DOLTI,74,14,200,332.20,"66,440.00"
2026-07-17,36,2026071705011904,DOLTI,94,14,300,332.30,"99,690.00"
2026-07-17,37,2026071705011897,DOLTI,1,32,50,333.00,"16,650.00"
2026-07-17,38,2026071705011785,DOLTI,57,32,150,333.00,"49,950.00"
2026-07-17,39,2026071705011784,DOLTI,7,32,150,333.00,"49,950.00"
2026-07-17,40,2026071705011783,DOLTI,41,32,100,333.00,"33,300.00"
2026-07-17,41,2026071705012158,DORDI,74,57,57,261.90,"14,928.30"
2026-07-17,42,2026071705012157,DORDI,74,16,343,261.80,"89,797.40"
2026-07-17,43,2026071705012156,DORDI,74,58,100,261.70,"26,170.00"
2026-07-17,44,2026071705012155,DORDI,74,32,100,261.60,"26,160.00"
2026-07-17,45,2026071705012154,DORDI,74,58,100,261.00,"26,100.00"
2026-07-17,46,2026071705011805,DORDI,48,32,200,257.00,"51,400.00"
2026-07-17,47,2026071705011804,DORDI,77,32,980,257.00,"251,860.00"
2026-07-17,48,2026071705011803,DORDI,54,32,30,257.10,"7,713.00"
2026-07-17,49,2026071705011802,DORDI,22,32,83,257.10,"21,339.30"
2026-07-17,50,2026071705011801,DORDI,7,32,200,257.50,"51,500.00"
2026-07-17,51,2026071705012153,DORDI,74,32,100,260.80,"26,080.00"
2026-07-17,52,2026071705012152,DORDI,74,35,200,260.70,"52,140.00"
2026-07-17,53,2026071705012107,DORDI,65,35,100,260.70,"26,070.00"
2026-07-17,54,2026071705011808,DORDI,39,32,248,256.40,"63,587.20"
2026-07-17,55,2026071705011807,DORDI,58,32,100,256.50,"25,650.00"
2026-07-17,56,2026071705011806,DORDI,48,32,50,257.00,"12,850.00"
2026-07-17,57,2026071705012054,EHPL,5,63,150,350.00,"52,500.00"
2026-07-17,58,2026071705011872,EHPL,29,17,10,352.00,"3,520.00"
2026-07-17,59,2026071705012167,ENL,60,58,10,848.00,"8,480.00"
2026-07-17,60,2026071705012166,ENL,60,39,10,846.90,"8,469.00"
2026-07-17,61,2026071705012165,ENL,60,32,10,841.00,"8,410.00"
2026-07-17,62,2026071705012164,ENL,60,32,50,839.00,"41,950.00"
2026-07-17,63,2026071705012163,ENL,60,34,10,838.90,"8,389.00"
2026-07-17,64,2026071705012162,ENL,60,58,10,836.00,"8,360.00"
2026-07-17,65,2026071705012126,GCIL,17,17,500,367.00,"183,500.00"
2026-07-17,66,2026071705012051,GCIL,58,39,398,366.00,"145,668.00"
2026-07-17,67,2026071705011759,GCIL,33,49,48,366.50,"17,592.00"
2026-07-17,68,2026071705011729,GCIL,16,38,50,366.80,"18,340.00"
2026-07-17,69,2026071705011815,GCIL,64,17,337,367.00,"123,679.00"
2026-07-17,70,2026071705011814,GCIL,64,80,63,366.90,"23,114.70"
2026-07-17,71,2026071705012050,GCIL,57,39,50,366.00,"18,300.00"
2026-07-17,72,2026071705012049,GCIL,33,39,52,366.50,"19,058.00"
2026-07-17,73,2026071705011892,GVL,44,33,100,491.30,"49,130.00"
2026-07-17,74,2026071705011782,GVL,38,33,13,491.30,"6,386.90"
2026-07-17,75,2026071705011781,GVL,38,57,22,490.00,"10,780.00"
2026-07-17,76,2026071705011746,GVL,59,57,11,490.00,"5,390.00"
2026-07-17,77,2026071705011738,GVL,84,57,30,490.00,"14,700.00"
2026-07-17,78,2026071705012125,HATHY,63,59,32,720.00,"23,040.00"
2026-07-17,79,2026071705012124,HATHY,63,41,10,720.00,"7,200.00"
2026-07-17,80,2026071705012123,HATHY,63,44,213,720.00,"153,360.00"
2026-07-17,81,2026071705012122,HATHY,63,80,39,720.00,"28,080.00"
2026-07-17,82,2026071705012121,HATHY,63,10,10,719.00,"7,190.00"
2026-07-17,83,2026071705012120,HATHY,63,42,50,719.00,"35,950.00"
2026-07-17,84,2026071705011793,HATHY,6,22,50,718.90,"35,945.00"
2026-07-17,85,2026071705011792,HATHY,6,32,50,718.80,"35,940.00"
2026-07-17,86,2026071705011791,HATHY,6,36,90,718.80,"64,692.00"
2026-07-17,87,2026071705011753,HATHY,6,48,200,718.00,"143,600.00"
2026-07-17,88,2026071705011752,HATHY,6,39,190,718.00,"136,420.00"
2026-07-17,89,2026071705011751,HATHY,6,7,25,717.90,"17,947.50"
2026-07-17,90,2026071705012119,HATHY,63,25,77,719.00,"55,363.00"
2026-07-17,91,2026071705012118,HATHY,63,42,102,719.00,"73,338.00"
2026-07-17,92,2026071705012117,HATHY,63,44,700,719.00,"503,300.00"
2026-07-17,93,2026071705012116,HATHY,63,41,767,716.00,"549,172.00"
2026-07-17,94,2026071705011795,HATHY,6,44,147,719.00,"105,693.00"
2026-07-17,95,2026071705011794,HATHY,6,49,15,719.00,"10,785.00"
2026-07-17,96,2026071705012112,HDL,45,41,31,"1,163.00","36,053.00"
2026-07-17,97,2026071705012111,HDL,42,41,14,"1,163.00","16,282.00"
2026-07-17,98,2026071705012110,HDL,19,26,30,"1,163.90","34,917.00"
2026-07-17,99,2026071705012109,HDL,19,45,20,"1,163.90","23,278.00"
2026-07-17,100,2026071705011712,HDL,42,38,10,"1,163.00","11,630.00"
2026-07-17,101,2026071705011863,HDL,42,42,10,"1,163.00","11,630.00"
2026-07-17,102,2026071705011796,HDL,42,49,10,"1,163.00","11,630.00"
2026-07-17,103,2026071705012175,HHL,17,47,10,346.00,"3,460.00"
2026-07-17,104,2026071705012108,HHL,58,45,100,345.90,"34,590.00"
2026-07-17,105,2026071705011822,HHL,58,32,250,345.90,"86,475.00"
2026-07-17,106,2026071705011721,HHL,6,47,700,346.00,"242,200.00"
2026-07-17,107,2026071705012148,HIDCL,28,48,"1,344",264.80,"355,891.20"
2026-07-17,108,2026071705012147,HIDCL,28,39,100,264.80,"26,480.00"
2026-07-17,109,2026071705012146,HIDCL,28,7,200,264.00,"52,800.00"
2026-07-17,110,2026071705012145,HIDCL,28,42,300,264.00,"79,200.00"
2026-07-17,111,2026071705012144,HIDCL,28,49,300,263.00,"78,900.00"
2026-07-17,112,2026071705012143,HIDCL,28,38,100,263.00,"26,300.00"
2026-07-17,113,2026071705011715,HIDCL,38,16,100,261.30,"26,130.00"
2026-07-17,114,2026071705011788,HIDCL,7,58,20,261.60,"5,232.00"
2026-07-17,115,2026071705011787,HIDCL,7,32,20,261.60,"5,232.00"
2026-07-17,116,2026071705011786,HIDCL,7,58,172,261.60,"44,995.20"
2026-07-17,117,2026071705011764,HIDCL,6,58,320,261.60,"83,712.00"
2026-07-17,118,2026071705011727,HIDCL,7,56,200,261.50,"52,300.00"
2026-07-17,119,2026071705011726,HIDCL,7,48,150,261.40,"39,210.00"
2026-07-17,120,2026071705011876,HIDCL,7,14,100,262.00,"26,200.00"
2026-07-17,121,2026071705011875,HIDCL,7,41,50,262.00,"13,100.00"
2026-07-17,122,2026071705011874,HIDCL,7,40,585,262.00,"153,270.00"
2026-07-17,123,2026071705011799,HIDCL,13,40,415,262.00,"108,730.00"
2026-07-17,124,2026071705011798,HIDCL,13,58,25,262.00,"6,550.00"
2026-07-17,125,2026071705011797,HIDCL,13,59,60,262.00,"15,720.00"
2026-07-17,126,2026071705011882,HIDCL,7,26,300,262.00,"78,600.00"
2026-07-17,127,2026071705011881,HIDCL,7,16,50,262.00,"13,100.00"
2026-07-17,128,2026071705011880,HIDCL,7,52,500,262.00,"131,000.00"
2026-07-17,129,2026071705011879,HIDCL,7,53,500,262.00,"131,000.00"
2026-07-17,130,2026071705011878,HIDCL,7,36,600,262.00,"157,200.00"
2026-07-17,131,2026071705011877,HIDCL,7,58,13,262.00,"3,406.00"
2026-07-17,132,2026071705012142,HIDCL,28,26,500,263.00,"131,500.00"
2026-07-17,133,2026071705012141,HIDCL,28,62,100,263.00,"26,300.00"
2026-07-17,134,2026071705012140,HIDCL,28,34,"1,001",262.90,"263,162.90"
2026-07-17,135,2026071705012139,HIDCL,28,74,"1,000",262.50,"262,500.00"
2026-07-17,136,2026071705012138,HIDCL,28,26,55,262.20,"14,421.00"
2026-07-17,137,2026071705011891,HIDCL,7,54,"1,000",262.00,"262,000.00"
2026-07-17,138,2026071705012184,HRL,45,22,21,581.90,"12,219.90"
2026-07-17,139,2026071705011871,HRL,49,42,500,582.00,"291,000.00"
2026-07-17,140,2026071705011851,HRL,28,42,60,582.00,"34,920.00"
2026-07-17,141,2026071705011850,HRL,28,22,40,582.00,"23,280.00"
2026-07-17,142,2026071705011826,HRL,42,80,20,581.90,"11,638.00"
2026-07-17,143,2026071705011813,HRL,42,80,10,581.90,"5,819.00"
2026-07-17,144,2026071705011771,HRL,22,22,50,582.00,"29,100.00"
2026-07-17,145,2026071705011819,IHL,45,3,522,359.00,"187,398.00"
2026-07-17,146,2026071705011774,IHL,34,3,50,359.00,"17,950.00"
2026-07-17,147,2026071705011756,IHL,17,3,500,359.00,"179,500.00"
2026-07-17,148,2026071705011745,IHL,45,3,"1,000",359.00,"359,000.00"
2026-07-17,149,2026071705012168,MAKAR,69,17,15,478.90,"7,183.50"
2026-07-17,150,2026071705011768,MAKAR,60,38,"1,000",475.00,"475,000.00"
2026-07-17,151,2026071705011770,MANDU,4,36,10,800.00,"8,000.00"
2026-07-17,152,2026071705012150,MEL,26,17,50,220.00,"11,000.00"
2026-07-17,153,2026071705012113,MEL,57,49,50,219.90,"10,995.00"
2026-07-17,154,2026071705011719,MEL,57,17,70,220.00,"15,400.00"
2026-07-17,155,2026071705011718,MEL,47,17,39,220.00,"8,580.00"
2026-07-17,156,2026071705011711,MEL,28,49,10,223.00,"2,230.00"
2026-07-17,157,2026071705011765,MEL,52,17,10,220.00,"2,200.00"
2026-07-17,158,2026071705011748,MEL,50,17,100,220.00,"22,000.00"
2026-07-17,159,2026071705011720,MEL,42,17,20,220.00,"4,400.00"
2026-07-17,160,2026071705011901,MHCL,58,38,10,329.00,"3,290.00"
2026-07-17,161,2026071705012183,MHL,71,47,10,489.90,"4,899.00"
2026-07-17,162,2026071705012031,MKHC,62,7,5,288.00,"1,440.00"
2026-07-17,163,2026071705011907,MKHL,29,42,180,518.90,"93,402.00"
2026-07-17,164,2026071705011906,MKHL,29,7,20,518.00,"10,360.00"
2026-07-17,165,2026071705012027,MKJC,8,32,40,461.00,"18,440.00"
2026-07-17,166,2026071705011898,MKJC,42,17,100,460.00,"46,000.00"
2026-07-17,167,2026071705012170,MMKJL,49,7,120,449.00,"53,880.00"
2026-07-17,168,2026071705012169,MMKJL,49,13,60,448.90,"26,934.00"
2026-07-17,169,2026071705011888,MMKJL,58,48,20,447.00,"8,940.00"
2026-07-17,170,2026071705011772,MMKJL,40,13,40,448.90,"17,956.00"
2026-07-17,171,2026071705011749,NBF3,58,4,520,10.00,"5,200.00"
2026-07-17,172,2026071705012055,NIFRA,58,5,178,254.90,"45,372.20"
2026-07-17,173,2026071705011717,NIFRA,52,33,54,254.10,"13,721.40"
2026-07-17,174,2026071705011899,NRIC,40,95,44,961.00,"42,284.00"
2026-07-17,175,2026071705011833,NRIC,38,95,100,961.00,"96,100.00"
2026-07-17,176,2026071705011832,NRIC,96,95,30,961.00,"28,830.00"
2026-07-17,177,2026071705011831,NRIC,54,95,200,961.10,"192,220.00"
2026-07-17,178,2026071705011724,NRIC,49,6,387,962.00,"372,294.00"
2026-07-17,179,2026071705011830,NRM,6,84,112,321.00,"35,952.00"
2026-07-17,180,2026071705011829,NRM,38,84,23,322.00,"7,406.00"
2026-07-17,181,2026071705011828,NRM,49,84,155,322.50,"49,987.50"
2026-07-17,182,2026071705011773,NRM,49,7,25,322.50,"8,062.50"
2026-07-17,183,2026071705011780,NRN,80,48,70,"1,418.00","99,260.00"
2026-07-17,184,2026071705011740,NRN,42,58,12,"1,420.00","17,040.00"
2026-07-17,185,2026071705011739,NRN,42,14,88,"1,420.00","124,960.00"
2026-07-17,186,2026071705011912,NRN,77,49,80,"1,419.00","113,520.00"
2026-07-17,187,2026071705011800,NRN,80,54,67,"1,418.00","95,006.00"
2026-07-17,188,2026071705011918,NRN,77,40,10,"1,420.00","14,200.00"
2026-07-17,189,2026071705011917,NRN,77,39,100,"1,420.00","142,000.00"
2026-07-17,190,2026071705011916,NRN,77,5,25,"1,420.00","35,500.00"
2026-07-17,191,2026071705011915,NRN,77,32,500,"1,420.00","710,000.00"
2026-07-17,192,2026071705011914,NRN,77,38,200,"1,419.90","283,980.00"
2026-07-17,193,2026071705011913,NRN,77,57,30,"1,419.90","42,597.00"
2026-07-17,194,2026071705011924,NRN,77,48,20,"1,420.00","28,400.00"
2026-07-17,195,2026071705011923,NRN,77,35,20,"1,420.00","28,400.00"
2026-07-17,196,2026071705011922,NRN,77,98,50,"1,420.00","71,000.00"
2026-07-17,197,2026071705011921,NRN,77,18,100,"1,420.00","142,000.00"
2026-07-17,198,2026071705011920,NRN,77,58,65,"1,420.00","92,300.00"
2026-07-17,199,2026071705011919,NRN,77,25,20,"1,420.00","28,400.00"
2026-07-17,200,2026071705011930,NRN,77,47,10,"1,421.00","14,210.00"
2026-07-17,201,2026071705011929,NRN,77,41,100,"1,421.00","142,100.00"
2026-07-17,202,2026071705011928,NRN,77,49,20,"1,420.00","28,400.00"
2026-07-17,203,2026071705011927,NRN,77,58,200,"1,420.00","284,000.00"
2026-07-17,204,2026071705011926,NRN,77,90,50,"1,420.00","71,000.00"
2026-07-17,205,2026071705011925,NRN,77,48,100,"1,420.00","142,000.00"
2026-07-17,206,2026071705011936,NRN,77,16,200,"1,425.00","285,000.00"
2026-07-17,207,2026071705011935,NRN,77,22,90,"1,425.00","128,250.00"
2026-07-17,208,2026071705011934,NRN,77,100,500,"1,424.70","712,350.00"
2026-07-17,209,2026071705011933,NRN,77,100,500,"1,424.60","712,300.00"
2026-07-17,210,2026071705011932,NRN,77,44,15,"1,421.40","21,321.00"
2026-07-17,211,2026071705011931,NRN,77,41,140,"1,421.00","198,940.00"
2026-07-17,212,2026071705011942,NRN,77,66,100,"1,426.90","142,690.00"
2026-07-17,213,2026071705011941,NRN,77,101,200,"1,425.00","285,000.00"
2026-07-17,214,2026071705011940,NRN,77,90,10,"1,425.00","14,250.00"
2026-07-17,215,2026071705011939,NRN,77,62,"1,000","1,425.00","1,425,000.00"
2026-07-17,216,2026071705011938,NRN,77,65,"1,000","1,425.00","1,425,000.00"
2026-07-17,217,2026071705011937,NRN,77,21,20,"1,425.00","28,500.00"
2026-07-17,218,2026071705011948,NRN,77,13,971,"1,430.00","1,388,530.00"
2026-07-17,219,2026071705011947,NRN,77,22,23,"1,430.00","32,890.00"
2026-07-17,220,2026071705011946,NRN,77,39,200,"1,430.00","286,000.00"
2026-07-17,221,2026071705011945,NRN,77,41,51,"1,429.60","72,909.60"
2026-07-17,222,2026071705011944,NRN,77,49,100,"1,429.00","142,900.00"
2026-07-17,223,2026071705011943,NRN,77,58,500,"1,429.00","714,500.00"
2026-07-17,224,2026071705011954,NRN,77,81,400,"1,430.00","572,000.00"
2026-07-17,225,2026071705011953,NRN,77,5,500,"1,430.00","715,000.00"
2026-07-17,226,2026071705011952,NRN,77,45,100,"1,430.00","143,000.00"
2026-07-17,227,2026071705011951,NRN,77,19,148,"1,430.00","211,640.00"
2026-07-17,228,2026071705011950,NRN,77,52,60,"1,430.00","85,800.00"
2026-07-17,229,2026071705011949,NRN,77,6,15,"1,430.00","21,450.00"
2026-07-17,230,2026071705011960,NRN,77,58,15,"1,433.80","21,507.00"
2026-07-17,231,2026071705011959,NRN,77,84,200,"1,433.00","286,600.00"
2026-07-17,232,2026071705011958,NRN,77,41,100,"1,431.70","143,170.00"
2026-07-17,233,2026071705011957,NRN,77,47,10,"1,431.00","14,310.00"
2026-07-17,234,2026071705011956,NRN,77,14,250,"1,431.00","357,750.00"
2026-07-17,235,2026071705011955,NRN,77,56,32,"1,431.00","45,792.00"
2026-07-17,236,2026071705011966,NRN,77,41,10,"1,436.00","14,360.00"
2026-07-17,237,2026071705011965,NRN,77,26,100,"1,435.00","143,500.00"
2026-07-17,238,2026071705011964,NRN,77,68,200,"1,435.00","287,000.00"
2026-07-17,239,2026071705011963,NRN,77,71,48,"1,435.00","68,880.00"
2026-07-17,240,2026071705011962,NRN,77,58,40,"1,435.00","57,400.00"
2026-07-17,241,2026071705011961,NRN,77,28,500,"1,434.70","717,350.00"
2026-07-17,242,2026071705011972,NRN,77,21,50,"1,440.00","72,000.00"
2026-07-17,243,2026071705011971,NRN,77,58,10,"1,440.00","14,400.00"
2026-07-17,244,2026071705011970,NRN,77,39,50,"1,440.00","72,000.00"
2026-07-17,245,2026071705011969,NRN,77,64,50,"1,438.00","71,900.00"
2026-07-17,246,2026071705011968,NRN,77,41,100,"1,438.00","143,800.00"
2026-07-17,247,2026071705011967,NRN,77,44,50,"1,436.00","71,800.00"
2026-07-17,248,2026071705011978,NRN,77,32,50,"1,442.00","72,100.00"
2026-07-17,249,2026071705011977,NRN,77,45,100,"1,440.00","144,000.00"
2026-07-17,250,2026071705011976,NRN,77,7,50,"1,440.00","72,000.00"
2026-07-17,251,2026071705011975,NRN,77,21,20,"1,440.00","28,800.00"
2026-07-17,252,2026071705011974,NRN,77,14,250,"1,440.00","360,000.00"
2026-07-17,253,2026071705011973,NRN,77,45,20,"1,440.00","28,800.00"
2026-07-17,254,2026071705011984,NRN,77,67,15,"1,442.00","21,630.00"
2026-07-17,255,2026071705011983,NRN,77,14,"2,000","1,442.00","2,884,000.00"
2026-07-17,256,2026071705011982,NRN,77,39,10,"1,442.00","14,420.00"
2026-07-17,257,2026071705011981,NRN,77,26,100,"1,442.00","144,200.00"
2026-07-17,258,2026071705011980,NRN,77,18,200,"1,442.00","288,400.00"
2026-07-17,259,2026071705011979,NRN,77,65,50,"1,442.00","72,100.00"
2026-07-17,260,2026071705011990,NRN,77,53,10,"1,450.00","14,500.00"
2026-07-17,261,2026071705011989,NRN,77,53,200,"1,449.00","289,800.00"
2026-07-17,262,2026071705011988,NRN,77,39,20,"1,445.00","28,900.00"
2026-07-17,263,2026071705011987,NRN,77,101,10,"1,445.00","14,450.00"
2026-07-17,264,2026071705011986,NRN,77,58,100,"1,442.00","144,200.00"
2026-07-17,265,2026071705011985,NRN,77,35,230,"1,442.00","331,660.00"
2026-07-17,266,2026071705011996,NRN,77,5,150,"1,450.00","217,500.00"
2026-07-17,267,2026071705011995,NRN,77,5,50,"1,450.00","72,500.00"
2026-07-17,268,2026071705011994,NRN,77,58,20,"1,450.00","29,000.00"
2026-07-17,269,2026071705011993,NRN,77,58,200,"1,450.00","290,000.00"
2026-07-17,270,2026071705011992,NRN,77,100,200,"1,450.00","290,000.00"
2026-07-17,271,2026071705011991,NRN,77,58,80,"1,450.00","116,000.00"
2026-07-17,272,2026071705012002,NRN,77,13,681,"1,450.90","988,062.90"
2026-07-17,273,2026071705012001,NRN,77,29,40,"1,450.20","58,008.00"
2026-07-17,274,2026071705012000,NRN,77,71,200,"1,450.10","290,020.00"
2026-07-17,275,2026071705011999,NRN,77,98,"1,000","1,450.00","1,450,000.00"
2026-07-17,276,2026071705011998,NRN,77,41,50,"1,450.00","72,500.00"
2026-07-17,277,2026071705011997,NRN,77,80,400,"1,450.00","580,000.00"
2026-07-17,278,2026071705012008,NRN,77,49,400,"1,452.00","580,800.00"
2026-07-17,279,2026071705012007,NRN,77,41,100,"1,452.00","145,200.00"
2026-07-17,280,2026071705012006,NRN,77,49,15,"1,452.00","21,780.00"
2026-07-17,281,2026071705012005,NRN,77,44,50,"1,452.00","72,600.00"
2026-07-17,282,2026071705012004,NRN,77,21,200,"1,452.00","290,400.00"
2026-07-17,283,2026071705012003,NRN,77,48,100,"1,452.00","145,200.00"
2026-07-17,284,2026071705012014,NRN,77,63,"1,000","1,453.00","1,453,000.00"
2026-07-17,285,2026071705012013,NRN,77,28,100,"1,453.00","145,300.00"
2026-07-17,286,2026071705012012,NRN,77,26,100,"1,452.10","145,210.00"
2026-07-17,287,2026071705012011,NRN,77,19,50,"1,452.00","72,600.00"
2026-07-17,288,2026071705012010,NRN,77,101,100,"1,452.00","145,200.00"
2026-07-17,289,2026071705012009,NRN,77,21,300,"1,452.00","435,600.00"
2026-07-17,290,2026071705012020,NRN,77,76,20,"1,457.50","29,150.00"
2026-07-17,291,2026071705012019,NRN,77,44,500,"1,453.50","726,750.00"
2026-07-17,292,2026071705012018,NRN,77,60,50,"1,453.50","72,675.00"
2026-07-17,293,2026071705012017,NRN,77,63,100,"1,453.00","145,300.00"
2026-07-17,294,2026071705012016,NRN,77,63,100,"1,453.00","145,300.00"
2026-07-17,295,2026071705012015,NRN,77,63,50,"1,453.00","72,650.00"
2026-07-17,296,2026071705012026,NRN,77,95,359,"1,460.00","524,140.00"
2026-07-17,297,2026071705012025,NRN,77,38,30,"1,460.00","43,800.00"
2026-07-17,298,2026071705012024,NRN,77,59,200,"1,460.00","292,000.00"
2026-07-17,299,2026071705012023,NRN,77,65,110,"1,460.00","160,600.00"
2026-07-17,300,2026071705012022,NRN,77,91,102,"1,460.00","148,920.00"
2026-07-17,301,2026071705012021,NRN,77,28,"1,000","1,457.70","1,457,700.00"
2026-07-17,302,2026071705012037,NRN,58,19,200,"1,460.00","292,000.00"
2026-07-17,303,2026071705012036,NRN,58,38,50,"1,460.00","73,000.00"
2026-07-17,304,2026071705012035,NRN,58,49,10,"1,460.00","14,600.00"
2026-07-17,305,2026071705012034,NRN,58,95,150,"1,460.00","219,000.00"
2026-07-17,306,2026071705012033,NRN,58,60,165,"1,460.00","240,900.00"
2026-07-17,307,2026071705012032,NRN,58,95,641,"1,460.00","935,860.00"
2026-07-17,308,2026071705012043,NRN,58,21,100,"1,462.40","146,240.00"
2026-07-17,309,2026071705012042,NRN,58,42,300,"1,462.00","438,600.00"
2026-07-17,310,2026071705012041,NRN,58,58,240,"1,462.00","350,880.00"
2026-07-17,311,2026071705012040,NRN,58,62,100,"1,462.00","146,200.00"
2026-07-17,312,2026071705012039,NRN,58,35,500,"1,462.00","731,000.00"
2026-07-17,313,2026071705012038,NRN,58,7,50,"1,460.50","73,025.00"
2026-07-17,314,2026071705012047,NRN,58,71,"2,501","1,462.60","3,657,962.60"
2026-07-17,315,2026071705012046,NRN,58,1,12,"1,462.60","17,551.20"
2026-07-17,316,2026071705012045,NRN,58,8,160,"1,462.60","234,016.00"
2026-07-17,317,2026071705012044,NRN,58,45,100,"1,462.60","146,260.00"
2026-07-17,318,2026071705012028,NTC,34,6,35,862.00,"30,170.00"
2026-07-17,319,2026071705011737,NTC,92,49,123,864.90,"106,382.70"
2026-07-17,320,2026071705011736,NTC,92,56,13,864.90,"11,243.70"
2026-07-17,321,2026071705011735,NTC,92,49,13,864.00,"11,232.00"
2026-07-17,322,2026071705011734,NTC,92,58,10,864.00,"8,640.00"
2026-07-17,323,2026071705011733,NTC,92,58,20,864.00,"17,280.00"
2026-07-17,324,2026071705011732,NTC,92,89,60,863.00,"51,780.00"
2026-07-17,325,2026071705011731,NTC,92,42,161,863.00,"138,943.00"
2026-07-17,326,2026071705011725,NTC,86,50,30,861.50,"25,845.00"
2026-07-17,327,2026071705012182,NYADI,45,58,50,375.00,"18,750.00"
2026-07-17,328,2026071705012181,NYADI,45,8,50,375.00,"18,750.00"
2026-07-17,329,2026071705012180,NYADI,45,56,200,375.00,"75,000.00"
2026-07-17,330,2026071705011895,NYADI,42,58,10,374.90,"3,749.00"
2026-07-17,331,2026071705011821,NYADI,45,65,180,372.00,"66,960.00"
2026-07-17,332,2026071705011820,NYADI,90,65,20,372.00,"7,440.00"
2026-07-17,333,2026071705012131,PHCL,32,16,50,306.80,"15,340.00"
2026-07-17,334,2026071705012081,PHCL,94,57,50,306.00,"15,300.00"
2026-07-17,335,2026071705012080,PHCL,94,33,"1,000",306.00,"306,000.00"
2026-07-17,336,2026071705012079,PHCL,94,33,10,306.00,"3,060.00"
2026-07-17,337,2026071705012078,PHCL,94,33,10,306.00,"3,060.00"
2026-07-17,338,2026071705012077,PHCL,94,33,10,306.00,"3,060.00"
2026-07-17,339,2026071705011866,PHCL,1,48,100,305.00,"30,500.00"
2026-07-17,340,2026071705011865,PHCL,1,45,100,304.90,"30,490.00"
2026-07-17,341,2026071705011864,PHCL,1,39,10,304.80,"3,048.00"
2026-07-17,342,2026071705011853,PHCL,49,58,182,304.00,"55,328.00"
2026-07-17,343,2026071705012058,PHCL,94,7,300,305.00,"91,500.00"
2026-07-17,344,2026071705012057,PHCL,94,3,445,305.00,"135,725.00"
2026-07-17,345,2026071705011911,PHCL,10,3,25,305.00,"7,625.00"
2026-07-17,346,2026071705011903,PHCL,49,54,300,304.00,"91,200.00"
2026-07-17,347,2026071705011868,PHCL,1,3,"1,530",305.00,"466,650.00"
2026-07-17,348,2026071705011867,PHCL,1,3,40,305.00,"12,200.00"
2026-07-17,349,2026071705012064,PHCL,94,51,50,305.00,"15,250.00"
2026-07-17,350,2026071705012063,PHCL,94,22,300,305.00,"91,500.00"
2026-07-17,351,2026071705012062,PHCL,94,59,500,305.00,"152,500.00"
2026-07-17,352,2026071705012061,PHCL,94,51,50,305.00,"15,250.00"
2026-07-17,353,2026071705012060,PHCL,94,38,300,305.00,"91,500.00"
2026-07-17,354,2026071705012059,PHCL,94,17,10,305.00,"3,050.00"
2026-07-17,355,2026071705012070,PHCL,94,50,200,306.00,"61,200.00"
2026-07-17,356,2026071705012069,PHCL,94,54,130,305.00,"39,650.00"
2026-07-17,357,2026071705012068,PHCL,94,49,100,305.00,"30,500.00"
2026-07-17,358,2026071705012067,PHCL,94,80,250,305.00,"76,250.00"
2026-07-17,359,2026071705012066,PHCL,94,32,"1,000",305.00,"305,000.00"
2026-07-17,360,2026071705012065,PHCL,94,58,10,305.00,"3,050.00"
2026-07-17,361,2026071705012076,PHCL,94,33,10,306.00,"3,060.00"
2026-07-17,362,2026071705012075,PHCL,94,33,10,306.00,"3,060.00"
2026-07-17,363,2026071705012074,PHCL,94,33,10,306.00,"3,060.00"
2026-07-17,364,2026071705012073,PHCL,94,33,10,306.00,"3,060.00"
2026-07-17,365,2026071705012072,PHCL,94,50,100,306.00,"30,600.00"
2026-07-17,366,2026071705012071,PHCL,94,58,10,306.00,"3,060.00"
2026-07-17,367,2026071705012186,PSF,48,51,100,11.92,"1,192.00"
2026-07-17,368,2026071705012130,RAWA,22,34,301,437.60,"131,717.60"
2026-07-17,369,2026071705012129,RAWA,22,38,150,437.50,"65,625.00"
2026-07-17,370,2026071705012128,RAWA,22,14,13,437.40,"5,686.20"
2026-07-17,371,2026071705012127,RAWA,22,99,36,437.30,"15,742.80"
2026-07-17,372,2026071705012106,RFPL,74,82,672,335.10,"225,187.20"
2026-07-17,373,2026071705012105,RFPL,74,82,"1,000",335.10,"335,100.00"
2026-07-17,374,2026071705012104,RFPL,91,82,210,338.00,"70,980.00"
2026-07-17,375,2026071705012103,RFPL,47,82,130,339.00,"44,070.00"
2026-07-17,376,2026071705012102,RFPL,58,82,75,339.00,"25,425.00"
2026-07-17,377,2026071705012101,RFPL,32,82,200,340.00,"68,000.00"
2026-07-17,378,2026071705012094,RFPL,49,82,40,341.00,"13,640.00"
2026-07-17,379,2026071705012093,RFPL,74,82,500,341.40,"170,700.00"
2026-07-17,380,2026071705012092,RFPL,48,82,150,341.50,"51,225.00"
2026-07-17,381,2026071705012100,RFPL,57,82,200,340.00,"68,000.00"
2026-07-17,382,2026071705012099,RFPL,57,82,500,340.00,"170,000.00"
2026-07-17,383,2026071705012098,RFPL,57,82,"1,000",340.00,"340,000.00"
2026-07-17,384,2026071705012097,RFPL,57,82,200,340.00,"68,000.00"
2026-07-17,385,2026071705012096,RFPL,42,82,20,340.00,"6,800.00"
2026-07-17,386,2026071705012095,RFPL,21,82,103,340.10,"35,030.30"
2026-07-17,387,2026071705011890,RHGCL,52,6,50,270.00,"13,500.00"
2026-07-17,388,2026071705011884,RHGCL,56,89,131,267.50,"35,042.50"
2026-07-17,389,2026071705011883,RHGCL,11,89,355,269.00,"95,495.00"
2026-07-17,390,2026071705011767,RHGCL,52,53,10,270.00,"2,700.00"
2026-07-17,391,2026071705011766,RHGCL,52,42,300,268.00,"80,400.00"
2026-07-17,392,2026071705011893,RMF1,88,51,100,9.76,976.00
2026-07-17,393,2026071705011777,RMF1,47,35,"5,000",9.80,"49,000.00"
2026-07-17,394,2026071705011776,RMF1,25,35,"1,000",9.81,"9,810.00"
2026-07-17,395,2026071705011908,RNLI,32,44,18,451.80,"8,132.40"
2026-07-17,396,2026071705011730,RNLI,32,17,12,448.80,"5,385.60"
2026-07-17,397,2026071705012188,SAHAS,37,75,"1,000",658.90,"658,900.00"
2026-07-17,398,2026071705012115,SAHAS,48,75,690,658.90,"454,641.00"
2026-07-17,399,2026071705012114,SAHAS,48,45,310,658.70,"204,197.00"
2026-07-17,400,2026071705011902,SAHAS,36,45,190,658.70,"125,153.00"
2026-07-17,401,2026071705011885,SAHAS,94,75,200,658.90,"131,780.00"
2026-07-17,402,2026071705011827,SAHAS,17,75,10,658.90,"6,589.00"
2026-07-17,403,2026071705011763,SAHAS,94,45,300,658.70,"197,610.00"
2026-07-17,404,2026071705011758,SAHAS,25,45,200,658.70,"131,740.00"
2026-07-17,405,2026071705012134,SANVI,49,58,10,607.70,"6,077.00"
2026-07-17,406,2026071705012091,SANVI,58,77,100,607.00,"60,700.00"
2026-07-17,407,2026071705012088,SANVI,60,57,10,606.00,"6,060.00"
2026-07-17,408,2026071705012087,SANVI,60,58,10,606.00,"6,060.00"
2026-07-17,409,2026071705012086,SANVI,60,40,10,605.00,"6,050.00"
2026-07-17,410,2026071705012085,SANVI,60,58,20,605.00,"12,100.00"
2026-07-17,411,2026071705012084,SANVI,60,39,300,605.00,"181,500.00"
2026-07-17,412,2026071705012083,SANVI,60,22,30,604.90,"18,147.00"
2026-07-17,413,2026071705012082,SANVI,60,47,10,604.00,"6,040.00"
2026-07-17,414,2026071705011852,SANVI,58,4,30,602.00,"18,060.00"
2026-07-17,415,2026071705011760,SANVI,42,47,10,604.00,"6,040.00"
2026-07-17,416,2026071705012173,SHIVM,56,52,100,652.00,"65,200.00"
2026-07-17,417,2026071705011910,SHIVM,50,52,479,652.00,"312,308.00"
2026-07-17,418,2026071705011886,SHIVM,43,34,100,651.00,"65,100.00"
2026-07-17,419,2026071705011869,SHIVM,43,54,10,651.00,"6,510.00"
2026-07-17,420,2026071705011849,SHIVM,43,98,100,651.00,"65,100.00"
2026-07-17,421,2026071705011812,SHIVM,43,44,500,650.80,"325,400.00"
2026-07-17,422,2026071705011694,SHIVM,50,28,50,650.00,"32,500.00"
2026-07-17,423,2026071705011693,SHIVM,50,53,95,650.00,"61,750.00"
2026-07-17,424,2026071705011692,SHIVM,50,48,200,649.90,"129,980.00"
2026-07-17,425,2026071705011691,SHIVM,50,17,51,649.90,"33,144.90"
2026-07-17,426,2026071705011690,SHIVM,50,39,500,649.50,"324,750.00"
2026-07-17,427,2026071705011700,SHIVM,50,22,50,650.00,"32,500.00"
2026-07-17,428,2026071705011699,SHIVM,50,51,"1,000",650.00,"650,000.00"
2026-07-17,429,2026071705011698,SHIVM,50,32,200,650.00,"130,000.00"
2026-07-17,430,2026071705011697,SHIVM,50,58,10,650.00,"6,500.00"
2026-07-17,431,2026071705011696,SHIVM,50,32,400,650.00,"260,000.00"
2026-07-17,432,2026071705011695,SHIVM,50,25,"1,500",650.00,"975,000.00"
2026-07-17,433,2026071705011706,SHIVM,50,18,100,650.00,"65,000.00"
2026-07-17,434,2026071705011705,SHIVM,50,57,714,650.00,"464,100.00"
2026-07-17,435,2026071705011704,SHIVM,50,49,"1,000",650.00,"650,000.00"
2026-07-17,436,2026071705011703,SHIVM,50,92,241,650.00,"156,650.00"
2026-07-17,437,2026071705011702,SHIVM,50,68,50,650.00,"32,500.00"
2026-07-17,438,2026071705011701,SHIVM,50,39,100,650.00,"65,000.00"
2026-07-17,439,2026071705011811,SHIVM,43,17,50,650.80,"32,540.00"
2026-07-17,440,2026071705011810,SHIVM,43,57,10,650.70,"6,507.00"
2026-07-17,441,2026071705011710,SHIVM,50,64,50,650.00,"32,500.00"
2026-07-17,442,2026071705011709,SHIVM,50,7,10,650.00,"6,500.00"
2026-07-17,443,2026071705011708,SHIVM,50,46,36,650.00,"23,400.00"
2026-07-17,444,2026071705011707,SHIVM,50,49,100,650.00,"65,000.00"
2026-07-17,445,2026071705011775,SMATA,58,4,19,754.90,"14,343.10"
2026-07-17,446,2026071705012052,SMH,54,34,20,512.00,"10,240.00"
2026-07-17,447,2026071705011900,SMH,10,34,30,512.00,"15,360.00"
2026-07-17,448,2026071705011754,SMH,17,34,300,512.00,"153,600.00"
2026-07-17,449,2026071705011847,SMJC,58,42,77,449.00,"34,573.00"
2026-07-17,450,2026071705011846,SMJC,58,17,10,449.00,"4,490.00"
2026-07-17,451,2026071705011845,SMJC,58,22,10,449.00,"4,490.00"
2026-07-17,452,2026071705011844,SMJC,58,11,31,448.10,"13,891.10"
2026-07-17,453,2026071705011843,SMJC,58,45,100,448.00,"44,800.00"
2026-07-17,454,2026071705011842,SMJC,58,59,203,447.00,"90,741.00"
2026-07-17,455,2026071705011835,SMJC,58,57,150,446.50,"66,975.00"
2026-07-17,456,2026071705011834,SMJC,58,58,260,446.00,"115,960.00"
2026-07-17,457,2026071705011723,SMJC,45,47,72,446.00,"32,112.00"
2026-07-17,458,2026071705011716,SMJC,45,34,50,446.00,"22,300.00"
2026-07-17,459,2026071705011841,SMJC,58,52,10,447.00,"4,470.00"
2026-07-17,460,2026071705011840,SMJC,58,16,10,447.00,"4,470.00"
2026-07-17,461,2026071705011839,SMJC,58,48,100,447.00,"44,700.00"
2026-07-17,462,2026071705011838,SMJC,58,58,10,447.00,"4,470.00"
2026-07-17,463,2026071705011837,SMJC,58,1,10,446.90,"4,469.00"
2026-07-17,464,2026071705011836,SMJC,58,36,19,446.90,"8,491.10"
2026-07-17,465,2026071705011825,SONA,56,3,90,417.10,"37,539.00"
2026-07-17,466,2026071705011824,SONA,21,3,10,417.10,"4,171.00"
2026-07-17,467,2026071705011823,SONA,92,3,180,417.30,"75,114.00"
2026-07-17,468,2026071705011757,SONA,3,59,335,418.00,"140,030.00"
2026-07-17,469,2026071705011809,SPC,19,38,10,435.00,"4,350.00"
2026-07-17,470,2026071705012187,SPHL,6,35,10,560.80,"5,608.00"
2026-07-17,471,2026071705012178,SPHL,35,35,10,560.80,"5,608.00"
2026-07-17,472,2026071705012161,SPHL,58,35,10,560.80,"5,608.00"
2026-07-17,473,2026071705012151,SPHL,57,35,10,560.70,"5,607.00"
2026-07-17,474,2026071705012149,SPHL,63,84,80,560.00,"44,800.00"
2026-07-17,475,2026071705012172,SPL,42,11,10,674.00,"6,740.00"
2026-07-17,476,2026071705011755,SPL,39,38,50,671.00,"33,550.00"
2026-07-17,477,2026071705011728,STC,77,6,10,"5,259.00","52,590.00"
2026-07-17,478,2026071705011790,TAMOR,72,49,10,448.10,"4,481.00"
2026-07-17,479,2026071705011714,TPC,35,58,60,360.00,"21,600.00"
2026-07-17,480,2026071705011713,TPC,19,58,40,360.00,"14,400.00"
2026-07-17,481,2026071705011789,TSHL,57,42,28,405.00,"11,340.00"
2026-07-17,482,2026071705011769,TSHL,16,42,20,405.00,"8,100.00"
2026-07-17,483,2026071705012176,TVCL,69,6,10,490.00,"4,900.00"
2026-07-17,484,2026071705012030,TVCL,58,6,10,490.00,"4,900.00"
2026-07-17,485,2026071705012171,UHEWA,64,41,300,572.00,"171,600.00"
2026-07-17,486,2026071705012160,UHEWA,60,45,10,577.00,"5,770.00"
2026-07-17,487,2026071705012159,UHEWA,58,45,10,577.00,"5,770.00"
2026-07-17,488,2026071705012048,UHEWA,64,87,100,572.00,"57,200.00"
2026-07-17,489,2026071705011848,UHEWA,58,57,10,577.90,"5,779.00"
2026-07-17,490,2026071705011761,ULHC,38,48,42,373.00,"15,666.00"
2026-07-17,491,2026071705012137,USHEC,47,70,10,501.70,"5,017.00"
2026-07-17,492,2026071705012136,USHEC,47,14,10,501.00,"5,010.00"
2026-07-17,493,2026071705012135,USHEC,47,58,10,500.00,"5,000.00"
2026-07-17,494,2026071705011744,USHEC,40,49,10,500.00,"5,000.00"
2026-07-17,495,2026071705011743,USHEC,40,48,10,500.00,"5,000.00"
2026-07-17,496,2026071705011742,USHEC,40,58,50,500.00,"25,000.00"
2026-07-17,497,2026071705011741,USHEC,40,101,30,499.90,"14,997.00"
2026-07-17,498,2026071705012179,USHL,94,62,10,515.00,"5,150.00"
2026-07-17,499,2026071705012177,USHL,85,62,11,515.00,"5,665.00"
2026-07-17,500,2026071705011889,VLUCL,10,26,15,444.00,"6,660.00"
