date,#,Transact. No.,Symbol,Buyer,Seller,Quantity,Rate,Amount
2026-06-25,1,2026062505008826,AHL,22,7,10,470.00,"4,700.00"
2026-06-25,2,2026062505008742,AHL,19,56,900,463.00,"416,700.00"
2026-06-25,3,2026062505008846,BBC,41,32,20,"4,200.00","84,000.00"
2026-06-25,4,2026062505008808,BBC,88,32,10,"4,205.00","42,050.00"
2026-06-25,5,2026062505008807,BBC,19,32,10,"4,206.00","42,060.00"
2026-06-25,6,2026062505008806,BBC,1,32,10,"4,207.00","42,070.00"
2026-06-25,7,2026062505008805,BBC,7,32,10,"4,208.00","42,080.00"
2026-06-25,8,2026062505008804,BBC,4,32,10,"4,210.00","42,100.00"
2026-06-25,9,2026062505008803,BBC,42,32,10,"4,220.00","42,200.00"
2026-06-25,10,2026062505008866,BEDC,58,34,10,346.90,"3,469.00"
2026-06-25,11,2026062505008528,BEDC,29,45,220,345.90,"76,098.00"
2026-06-25,12,2026062505008651,BEDC,6,35,150,346.00,"51,900.00"
2026-06-25,13,2026062505008586,BEDC,29,54,160,345.90,"55,344.00"
2026-06-25,14,2026062505008758,BEDC,51,18,500,345.20,"172,600.00"
2026-06-25,15,2026062505008755,BEDC,51,35,150,345.20,"51,780.00"
2026-06-25,16,2026062505008688,BEDC,51,35,190,345.20,"65,588.00"
2026-06-25,17,2026062505008687,BEDC,29,35,500,345.90,"172,950.00"
2026-06-25,18,2026062505008980,BGWT,7,47,31,580.00,"17,980.00"
2026-06-25,19,2026062505008979,BGWT,3,47,119,580.00,"69,020.00"
2026-06-25,20,2026062505008978,BGWT,53,47,200,583.00,"116,600.00"
2026-06-25,21,2026062505008977,BGWT,7,47,50,583.00,"29,150.00"
2026-06-25,22,2026062505008976,BGWT,35,47,100,585.00,"58,500.00"
2026-06-25,23,2026062505008520,BGWT,7,47,50,593.00,"29,650.00"
2026-06-25,24,2026062505008519,BGWT,37,47,100,593.50,"59,350.00"
2026-06-25,25,2026062505008518,BGWT,6,47,200,594.00,"118,800.00"
2026-06-25,26,2026062505008517,BGWT,25,47,20,594.10,"11,882.00"
2026-06-25,27,2026062505008602,BGWT,57,47,50,595.00,"29,750.00"
2026-06-25,28,2026062505008975,BGWT,7,47,20,585.00,"11,700.00"
2026-06-25,29,2026062505008974,BGWT,4,47,100,585.00,"58,500.00"
2026-06-25,30,2026062505008973,BGWT,7,47,20,586.00,"11,720.00"
2026-06-25,31,2026062505008972,BGWT,7,47,50,587.00,"29,350.00"
2026-06-25,32,2026062505008971,BGWT,8,47,50,600.00,"30,000.00"
2026-06-25,33,2026062505008970,BGWT,83,47,10,612.80,"6,128.00"
2026-06-25,34,2026062505008907,BHDC,41,57,10,448.00,"4,480.00"
2026-06-25,35,2026062505008656,BHDC,42,57,10,448.00,"4,480.00"
2026-06-25,36,2026062505008927,BHL,26,6,10,211.00,"2,110.00"
2026-06-25,37,2026062505008833,BHL,45,45,94,210.00,"19,740.00"
2026-06-25,38,2026062505008832,BHL,58,45,10,210.00,"2,100.00"
2026-06-25,39,2026062505008831,BHL,41,45,186,210.00,"39,060.00"
2026-06-25,40,2026062505008830,BHL,17,45,10,210.10,"2,101.00"
2026-06-25,41,2026062505008802,BHL,38,6,400,211.00,"84,400.00"
2026-06-25,42,2026062505008549,BHL,38,45,572,210.00,"120,120.00"
2026-06-25,43,2026062505008548,BHL,77,45,200,210.10,"42,020.00"
2026-06-25,44,2026062505008547,BHL,37,45,200,210.10,"42,020.00"
2026-06-25,45,2026062505008546,BHL,13,45,18,210.80,"3,794.40"
2026-06-25,46,2026062505008545,BHL,42,45,10,210.90,"2,109.00"
2026-06-25,47,2026062505008704,BHL,38,10,500,210.00,"105,000.00"
2026-06-25,48,2026062505008703,BHL,42,10,500,210.50,"105,250.00"
2026-06-25,49,2026062505008677,BHL,21,6,420,211.00,"88,620.00"
2026-06-25,50,2026062505008676,BHL,35,6,43,211.00,"9,073.00"
2026-06-25,51,2026062505008675,BHL,35,29,957,211.00,"201,927.00"
2026-06-25,52,2026062505008622,BHL,44,37,50,210.90,"10,545.00"
2026-06-25,53,2026062505008801,BHL,38,37,50,210.90,"10,545.00"
2026-06-25,54,2026062505008795,BHL,41,41,14,210.00,"2,940.00"
2026-06-25,55,2026062505008794,BHL,5,41,556,210.00,"116,760.00"
2026-06-25,56,2026062505008734,BHL,5,33,444,210.00,"93,240.00"
2026-06-25,57,2026062505008733,BHL,38,33,556,210.00,"116,760.00"
2026-06-25,58,2026062505008730,BHL,26,41,10,210.50,"2,105.00"
2026-06-25,59,2026062505008756,BHPL,48,64,19,508.50,"9,661.50"
2026-06-25,60,2026062505008727,BHPL,38,64,100,509.00,"50,900.00"
2026-06-25,61,2026062505008726,BHPL,34,64,40,509.20,"20,368.00"
2026-06-25,62,2026062505008725,BHPL,4,64,55,509.30,"28,011.50"
2026-06-25,63,2026062505008724,BHPL,39,64,190,509.40,"96,786.00"
2026-06-25,64,2026062505008668,BHPL,48,64,81,510.00,"41,310.00"
2026-06-25,65,2026062505008667,BHPL,4,64,10,510.60,"5,106.00"
2026-06-25,66,2026062505008626,BHPL,48,58,119,510.00,"60,690.00"
2026-06-25,67,2026062505008625,BHPL,57,58,49,510.00,"24,990.00"
2026-06-25,68,2026062505008624,BHPL,16,58,"1,000",510.50,"510,500.00"
2026-06-25,69,2026062505008623,BHPL,45,58,136,510.60,"69,441.60"
2026-06-25,70,2026062505008784,BNHC,57,58,10,318.10,"3,181.00"
2026-06-25,71,2026062505008627,BNHC,32,4,10,318.00,"3,180.00"
2026-06-25,72,2026062505008930,CHDC,82,26,10,"2,180.00","21,800.00"
2026-06-25,73,2026062505008897,CHDC,8,86,116,"2,170.20","251,743.20"
2026-06-25,74,2026062505008896,CHDC,32,86,84,"2,170.20","182,296.80"
2026-06-25,75,2026062505008828,CHDC,13,6,100,"2,189.90","218,990.00"
2026-06-25,76,2026062505008827,CHDC,13,47,200,"2,189.90","437,980.00"
2026-06-25,77,2026062505008560,CHDC,32,34,54,"2,170.20","117,190.80"
2026-06-25,78,2026062505008823,CIT,6,33,10,"1,704.00","17,040.00"
2026-06-25,79,2026062505008689,CIT,50,25,30,"1,703.10","51,093.00"
2026-06-25,80,2026062505008686,CIT,17,33,100,"1,704.00","170,400.00"
2026-06-25,81,2026062505008652,CIT,57,1,10,"1,703.90","17,039.00"
2026-06-25,82,2026062505008527,CIT,22,48,10,"1,703.70","17,037.00"
2026-06-25,83,2026062505008992,CKHL,57,21,10,625.00,"6,250.00"
2026-06-25,84,2026062505008967,CLI,42,34,10,448.20,"4,482.00"
2026-06-25,85,2026062505008889,CLI,42,57,200,448.20,"89,640.00"
2026-06-25,86,2026062505008841,CLI,42,6,26,448.20,"11,653.20"
2026-06-25,87,2026062505008800,CLI,42,45,300,448.20,"134,460.00"
2026-06-25,88,2026062505008701,CLI,42,42,200,448.20,"89,640.00"
2026-06-25,89,2026062505008585,CLI,42,58,55,448.20,"24,651.00"
2026-06-25,90,2026062505008579,CLI,58,41,10,448.40,"4,484.00"
2026-06-25,91,2026062505008537,CLI,42,77,13,448.20,"5,826.60"
2026-06-25,92,2026062505008965,DOLTI,86,34,10,350.90,"3,509.00"
2026-06-25,93,2026062505008911,DOLTI,16,34,10,350.90,"3,509.00"
2026-06-25,94,2026062505008909,DOLTI,85,34,10,350.90,"3,509.00"
2026-06-25,95,2026062505008884,DOLTI,1,82,100,347.00,"34,700.00"
2026-06-25,96,2026062505008750,DOLTI,1,38,20,347.00,"6,940.00"
2026-06-25,97,2026062505008707,DOLTI,1,49,52,347.00,"18,044.00"
2026-06-25,98,2026062505008706,DOLTI,4,49,348,348.00,"121,104.00"
2026-06-25,99,2026062505008660,DOLTI,4,54,30,348.00,"10,440.00"
2026-06-25,100,2026062505008984,DORDI,56,18,100,251.00,"25,100.00"
2026-06-25,101,2026062505008921,DORDI,57,18,242,251.00,"60,742.00"
2026-06-25,102,2026062505008829,DORDI,47,18,50,251.00,"12,550.00"
2026-06-25,103,2026062505008816,DORDI,40,18,10,251.00,"2,510.00"
2026-06-25,104,2026062505008576,DORDI,52,18,100,251.00,"25,100.00"
2026-06-25,105,2026062505008570,DORDI,42,18,12,251.00,"3,012.00"
2026-06-25,106,2026062505008990,EHPL,50,34,10,383.00,"3,830.00"
2026-06-25,107,2026062505008912,EHPL,49,34,40,383.00,"15,320.00"
2026-06-25,108,2026062505008882,ENL,74,1,11,847.00,"9,317.00"
2026-06-25,109,2026062505008698,ENL,74,17,11,824.00,"9,064.00"
2026-06-25,110,2026062505008666,ENL,1,57,15,813.10,"12,196.50"
2026-06-25,111,2026062505008665,ENL,14,57,30,815.00,"24,450.00"
2026-06-25,112,2026062505008664,ENL,33,57,25,815.00,"20,375.00"
2026-06-25,113,2026062505008566,ENL,48,57,10,820.00,"8,200.00"
2026-06-25,114,2026062505008565,ENL,45,57,100,820.10,"82,010.00"
2026-06-25,115,2026062505008728,GCIL,25,14,1,354.00,354.00
2026-06-25,116,2026062505008932,GCIL,33,42,12,365.00,"4,380.00"
2026-06-25,117,2026062505008931,GCIL,33,34,12,365.00,"4,380.00"
2026-06-25,118,2026062505008933,GCIL,33,14,23,365.00,"8,395.00"
2026-06-25,119,2026062505008843,GIBF1,21,38,100,10.65,"1,065.00"
2026-06-25,120,2026062505008842,GIBF1,21,34,135,10.65,"1,437.75"
2026-06-25,121,2026062505008901,GVL,69,74,61,478.00,"29,158.00"
2026-06-25,122,2026062505008817,GVL,21,21,26,477.10,"12,404.60"
2026-06-25,123,2026062505008732,GVL,21,13,11,477.10,"5,248.10"
2026-06-25,124,2026062505008952,HATHY,43,48,50,739.80,"36,990.00"
2026-06-25,125,2026062505008886,HATHY,43,77,10,739.00,"7,390.00"
2026-06-25,126,2026062505008869,HATHY,43,58,50,738.00,"36,900.00"
2026-06-25,127,2026062505008838,HATHY,43,32,10,737.90,"7,379.00"
2026-06-25,128,2026062505008810,HATHY,43,32,10,737.80,"7,378.00"
2026-06-25,129,2026062505008741,HATHY,41,42,50,731.00,"36,550.00"
2026-06-25,130,2026062505008740,HATHY,51,42,60,732.00,"43,920.00"
2026-06-25,131,2026062505008563,HATHY,43,6,20,732.00,"14,640.00"
2026-06-25,132,2026062505008529,HATHY,42,42,100,732.90,"73,290.00"
2026-06-25,133,2026062505008988,HDL,42,69,100,"1,147.00","114,700.00"
2026-06-25,134,2026062505008702,HDL,41,47,100,"1,146.60","114,660.00"
2026-06-25,135,2026062505008782,HDL,1,45,10,"1,148.00","11,480.00"
2026-06-25,136,2026062505008752,HDL,46,45,20,"1,148.00","22,960.00"
2026-06-25,137,2026062505008871,HDL,1,69,10,"1,147.00","11,470.00"
2026-06-25,138,2026062505008996,HHL,17,58,10,340.00,"3,400.00"
2026-06-25,139,2026062505008641,HHL,39,86,37,339.10,"12,546.70"
2026-06-25,140,2026062505008597,HHL,39,64,163,339.10,"55,273.30"
2026-06-25,141,2026062505008596,HHL,58,64,60,340.00,"20,400.00"
2026-06-25,142,2026062505008551,HHL,58,64,578,341.40,"197,329.20"
2026-06-25,143,2026062505008550,HHL,58,7,52,341.30,"17,747.60"
2026-06-25,144,2026062505008929,HHL,33,58,82,340.00,"27,880.00"
2026-06-25,145,2026062505008928,HHL,33,33,300,340.00,"102,000.00"
2026-06-25,146,2026062505008645,HHL,33,86,118,338.30,"39,919.40"
2026-06-25,147,2026062505008644,HHL,58,86,230,338.60,"77,878.00"
2026-06-25,148,2026062505008643,HHL,57,86,50,339.00,"16,950.00"
2026-06-25,149,2026062505008642,HHL,45,86,50,339.00,"16,950.00"
2026-06-25,150,2026062505008981,HIDCL,58,56,10,256.50,"2,565.00"
2026-06-25,151,2026062505008789,HIDCL,16,45,50,256.00,"12,800.00"
2026-06-25,152,2026062505008743,HIDCL,32,51,10,256.90,"2,569.00"
2026-06-25,153,2026062505008731,HIDCL,47,58,25,256.00,"6,400.00"
2026-06-25,154,2026062505008991,HRL,4,57,75,588.00,"44,100.00"
2026-06-25,155,2026062505008983,HRL,36,22,90,587.80,"52,902.00"
2026-06-25,156,2026062505008902,HRL,45,57,75,588.00,"44,100.00"
2026-06-25,157,2026062505008881,HRL,58,57,100,588.00,"58,800.00"
2026-06-25,158,2026062505008531,HRL,38,52,10,587.60,"5,876.00"
2026-06-25,159,2026062505008530,HRL,32,52,30,587.80,"17,634.00"
2026-06-25,160,2026062505008526,HRL,32,34,20,587.80,"11,756.00"
2026-06-25,161,2026062505008514,HRL,36,22,19,587.60,"11,164.40"
2026-06-25,162,2026062505008603,HRL,10,60,100,588.00,"58,800.00"
2026-06-25,163,2026062505008561,HRL,52,60,40,588.00,"23,520.00"
2026-06-25,164,2026062505008532,HRL,58,52,22,587.60,"12,927.20"
2026-06-25,165,2026062505008692,HRL,58,58,10,588.00,"5,880.00"
2026-06-25,166,2026062505008691,HRL,58,42,32,588.00,"18,816.00"
2026-06-25,167,2026062505008690,HRL,58,60,18,588.00,"10,584.00"
2026-06-25,168,2026062505008684,HRL,36,41,10,587.80,"5,878.00"
2026-06-25,169,2026062505008848,HRL,52,57,368,588.00,"216,384.00"
2026-06-25,170,2026062505008821,HRL,52,38,100,588.00,"58,800.00"
2026-06-25,171,2026062505008787,HRL,52,38,21,588.00,"12,348.00"
2026-06-25,172,2026062505008781,HRL,52,58,11,588.00,"6,468.00"
2026-06-25,173,2026062505008780,HRL,58,58,89,588.00,"52,332.00"
2026-06-25,174,2026062505008693,HRL,58,17,20,588.00,"11,760.00"
2026-06-25,175,2026062505008856,HRL,49,57,10,588.00,"5,880.00"
2026-06-25,176,2026062505008849,HRL,58,57,34,588.00,"19,992.00"
2026-06-25,177,2026062505008934,IHL,36,57,10,375.00,"3,750.00"
2026-06-25,178,2026062505008776,IHL,36,58,66,367.90,"24,281.40"
2026-06-25,179,2026062505008775,IHL,87,58,50,368.00,"18,400.00"
2026-06-25,180,2026062505008774,IHL,49,58,50,368.50,"18,425.00"
2026-06-25,181,2026062505008767,IHL,45,58,100,370.10,"37,010.00"
2026-06-25,182,2026062505008766,IHL,57,58,30,370.10,"11,103.00"
2026-06-25,183,2026062505008765,IHL,58,58,20,370.20,"7,404.00"
2026-06-25,184,2026062505008764,IHL,58,58,20,370.50,"7,410.00"
2026-06-25,185,2026062505008763,IHL,6,58,720,370.60,"266,832.00"
2026-06-25,186,2026062505008739,IHL,58,29,10,372.00,"3,720.00"
2026-06-25,187,2026062505008773,IHL,49,58,250,368.60,"92,150.00"
2026-06-25,188,2026062505008772,IHL,11,58,39,369.20,"14,398.80"
2026-06-25,189,2026062505008771,IHL,58,58,20,370.00,"7,400.00"
2026-06-25,190,2026062505008770,IHL,56,58,25,370.00,"9,250.00"
2026-06-25,191,2026062505008769,IHL,62,58,"1,000",370.00,"370,000.00"
2026-06-25,192,2026062505008768,IHL,62,58,40,370.00,"14,800.00"
2026-06-25,193,2026062505008574,ILI,72,58,10,423.10,"4,231.00"
2026-06-25,194,2026062505008523,ILI,35,58,36,423.50,"15,246.00"
2026-06-25,195,2026062505008791,KDBY,22,38,100,10.87,"1,087.00"
2026-06-25,196,2026062505008738,MANDU,47,4,40,816.10,"32,644.00"
2026-06-25,197,2026062505008883,MBJC,89,19,150,277.00,"41,550.00"
2026-06-25,198,2026062505008754,MBJC,42,19,50,277.00,"13,850.00"
2026-06-25,199,2026062505008753,MBJC,42,13,450,277.00,"124,650.00"
2026-06-25,200,2026062505008657,MBJC,89,13,250,277.00,"69,250.00"
2026-06-25,201,2026062505008578,MBJC,89,44,200,277.00,"55,400.00"
2026-06-25,202,2026062505008533,MBJC,89,34,10,277.00,"2,770.00"
2026-06-25,203,2026062505008564,MCHL,35,57,65,301.00,"19,565.00"
2026-06-25,204,2026062505008515,MCHL,35,36,10,301.00,"3,010.00"
2026-06-25,205,2026062505008798,MEHL,8,38,10,342.20,"3,422.00"
2026-06-25,206,2026062505008985,MEL,29,38,40,225.00,"9,000.00"
2026-06-25,207,2026062505008914,MEL,45,41,25,227.00,"5,675.00"
2026-06-25,208,2026062505008630,MEL,45,45,130,225.00,"29,250.00"
2026-06-25,209,2026062505008629,MEL,58,45,75,225.10,"16,882.50"
2026-06-25,210,2026062505008628,MEL,49,45,55,225.10,"12,380.50"
2026-06-25,211,2026062505008636,MEL,25,45,10,224.20,"2,242.00"
2026-06-25,212,2026062505008635,MEL,56,45,225,224.50,"50,512.50"
2026-06-25,213,2026062505008634,MEL,58,45,40,224.80,"8,992.00"
2026-06-25,214,2026062505008633,MEL,35,45,373,224.80,"83,850.40"
2026-06-25,215,2026062505008632,MEL,42,45,51,224.90,"11,469.90"
2026-06-25,216,2026062505008631,MEL,42,45,20,225.00,"4,500.00"
2026-06-25,217,2026062505008638,MEL,11,45,11,224.00,"2,464.00"
2026-06-25,218,2026062505008637,MEL,49,45,10,224.20,"2,242.00"
2026-06-25,219,2026062505008860,MEL,25,45,131,224.00,"29,344.00"
2026-06-25,220,2026062505008859,MEL,48,45,45,224.00,"10,080.00"
2026-06-25,221,2026062505008858,MEL,11,45,89,224.00,"19,936.00"
2026-06-25,222,2026062505008857,MEL,49,45,10,224.10,"2,241.00"
2026-06-25,223,2026062505008940,MHCL,52,86,10,339.00,"3,390.00"
2026-06-25,224,2026062505008962,MHL,28,26,200,477.00,"95,400.00"
2026-06-25,225,2026062505008961,MHL,14,26,100,477.10,"47,710.00"
2026-06-25,226,2026062505008960,MHL,49,26,200,478.00,"95,600.00"
2026-06-25,227,2026062505008959,MHL,32,26,500,478.00,"239,000.00"
2026-06-25,228,2026062505008953,MHL,29,74,10,479.90,"4,799.00"
2026-06-25,229,2026062505008524,MHL,29,4,50,480.00,"24,000.00"
2026-06-25,230,2026062505008900,MHL,42,74,10,479.90,"4,799.00"
2026-06-25,231,2026062505008822,MHL,14,42,100,478.20,"47,820.00"
2026-06-25,232,2026062505008799,MHL,29,74,40,479.90,"19,196.00"
2026-06-25,233,2026062505008926,MKHC,13,58,80,304.00,"24,320.00"
2026-06-25,234,2026062505008705,MKHC,50,77,10,305.00,"3,050.00"
2026-06-25,235,2026062505008512,MKHC,36,42,310,304.00,"94,240.00"
2026-06-25,236,2026062505008925,MKHC,36,58,68,304.00,"20,672.00"
2026-06-25,237,2026062505008924,MKHC,50,58,10,305.00,"3,050.00"
2026-06-25,238,2026062505008825,MKHC,40,35,10,306.00,"3,060.00"
2026-06-25,239,2026062505008839,MKHL,4,57,61,499.00,"30,439.00"
2026-06-25,240,2026062505008697,MKHL,4,58,70,498.00,"34,860.00"
2026-06-25,241,2026062505008587,MKHL,54,36,10,485.00,"4,850.00"
2026-06-25,242,2026062505008797,MKJC,56,17,102,469.00,"47,838.00"
2026-06-25,243,2026062505008796,MKJC,4,17,60,469.20,"28,152.00"
2026-06-25,244,2026062505008777,MMKJL,62,26,20,479.00,"9,580.00"
2026-06-25,245,2026062505008920,MSHL,34,39,59,637.00,"37,583.00"
2026-06-25,246,2026062505008919,MSHL,51,39,50,637.30,"31,865.00"
2026-06-25,247,2026062505008918,MSHL,34,39,11,638.10,"7,019.10"
2026-06-25,248,2026062505008917,MSHL,59,39,50,638.50,"31,925.00"
2026-06-25,249,2026062505008916,MSHL,32,39,10,639.00,"6,390.00"
2026-06-25,250,2026062505008915,MSHL,59,39,20,640.00,"12,800.00"
2026-06-25,251,2026062505008663,NBF3,78,50,"5,300",10.00,"53,000.00"
2026-06-25,252,2026062505008662,NBF3,78,4,"28,304",10.00,"283,040.00"
2026-06-25,253,2026062505008661,NBF3,78,50,"1,500",9.99,"14,985.00"
2026-06-25,254,2026062505008653,NBF3,78,13,"2,000",9.95,"19,900.00"
2026-06-25,255,2026062505008923,NIFRA,43,42,90,251.70,"22,653.00"
2026-06-25,256,2026062505008844,NIFRA,8,36,100,251.20,"25,120.00"
2026-06-25,257,2026062505008786,NIFRA,8,6,338,251.20,"84,905.60"
2026-06-25,258,2026062505008785,NIFRA,4,6,146,251.50,"36,719.00"
2026-06-25,259,2026062505008685,NIFRA,4,34,54,251.50,"13,581.00"
2026-06-25,260,2026062505008659,NIFRA,54,36,100,251.20,"25,120.00"
2026-06-25,261,2026062505008536,NIFRA,4,58,89,251.10,"22,347.90"
2026-06-25,262,2026062505008535,NIFRA,43,58,11,251.10,"2,762.10"
2026-06-25,263,2026062505008516,NIFRA,43,34,54,251.10,"13,559.40"
2026-06-25,264,2026062505008511,NIFRA,43,8,35,251.10,"8,788.50"
2026-06-25,265,2026062505008510,NIFRA,6,8,29,251.10,"7,281.90"
2026-06-25,266,2026062505008862,NRIC,52,26,10,949.00,"9,490.00"
2026-06-25,267,2026062505008788,NRIC,32,26,100,949.00,"94,900.00"
2026-06-25,268,2026062505008683,NRIC,5,5,30,948.00,"28,440.00"
2026-06-25,269,2026062505008682,NRIC,95,5,20,948.00,"18,960.00"
2026-06-25,270,2026062505008590,NRIC,13,8,76,950.00,"72,200.00"
2026-06-25,271,2026062505008589,NRIC,51,8,10,950.00,"9,500.00"
2026-06-25,272,2026062505008588,NRIC,48,8,14,950.00,"13,300.00"
2026-06-25,273,2026062505008581,NRIC,48,45,10,950.00,"9,500.00"
2026-06-25,274,2026062505008567,NRIC,48,16,10,950.00,"9,500.00"
2026-06-25,275,2026062505008681,NRIC,44,5,10,948.50,"9,485.00"
2026-06-25,276,2026062505008617,NRIC,45,43,50,950.00,"47,500.00"
2026-06-25,277,2026062505008616,NRIC,13,43,24,950.00,"22,800.00"
2026-06-25,278,2026062505008606,NRIC,35,1,83,951.00,"78,933.00"
2026-06-25,279,2026062505008605,NRIC,35,35,100,951.00,"95,100.00"
2026-06-25,280,2026062505008604,NRIC,35,57,17,951.00,"16,167.00"
2026-06-25,281,2026062505008790,NRM,7,41,10,317.00,"3,170.00"
2026-06-25,282,2026062505008584,NRM,58,45,20,315.60,"6,312.00"
2026-06-25,283,2026062505008583,NRM,48,45,20,315.60,"6,312.00"
2026-06-25,284,2026062505008582,NRM,42,45,50,315.60,"15,780.00"
2026-06-25,285,2026062505008995,NRN,29,95,50,"1,429.00","71,450.00"
2026-06-25,286,2026062505008994,NRN,29,13,100,"1,428.00","142,800.00"
2026-06-25,287,2026062505008993,NRN,29,25,50,"1,428.00","71,400.00"
2026-06-25,288,2026062505008989,NRN,58,25,100,"1,428.00","142,800.00"
2026-06-25,289,2026062505008982,NRN,21,48,10,"1,419.00","14,190.00"
2026-06-25,290,2026062505008619,NRN,21,58,500,"1,422.00","711,000.00"
2026-06-25,291,2026062505008595,NRN,60,58,350,"1,419.10","496,685.00"
2026-06-25,292,2026062505008594,NRN,58,58,50,"1,420.00","71,000.00"
2026-06-25,293,2026062505008593,NRN,58,58,100,"1,420.00","142,000.00"
2026-06-25,294,2026062505008711,NRN,48,36,14,"1,422.00","19,908.00"
2026-06-25,295,2026062505008700,NRN,60,41,10,"1,419.10","14,191.00"
2026-06-25,296,2026062505008699,NRN,56,36,10,"1,422.00","14,220.00"
2026-06-25,297,2026062505008621,NRN,21,58,490,"1,423.00","697,270.00"
2026-06-25,298,2026062505008620,NRN,21,36,10,"1,422.90","14,229.00"
2026-06-25,299,2026062505008749,NRN,58,60,260,"1,425.00","370,500.00"
2026-06-25,300,2026062505008748,NRN,58,58,264,"1,423.00","375,672.00"
2026-06-25,301,2026062505008747,NRN,58,36,476,"1,422.00","676,872.00"
2026-06-25,302,2026062505008745,NRN,21,48,360,"1,419.00","510,840.00"
2026-06-25,303,2026062505008744,NRN,60,48,140,"1,419.10","198,674.00"
2026-06-25,304,2026062505008853,NRN,99,65,70,"1,427.90","99,953.00"
2026-06-25,305,2026062505008852,NRN,99,49,25,"1,427.00","35,675.00"
2026-06-25,306,2026062505008851,NRN,99,58,500,"1,427.00","713,500.00"
2026-06-25,307,2026062505008850,NRN,99,60,140,"1,425.00","199,500.00"
2026-06-25,308,2026062505008910,NRN,45,19,100,"1,420.00","142,000.00"
2026-06-25,309,2026062505008855,NRN,99,25,65,"1,428.00","92,820.00"
2026-06-25,310,2026062505008854,NRN,99,35,400,"1,428.00","571,200.00"
2026-06-25,311,2026062505008966,NRN,28,25,10,"1,428.00","14,280.00"
2026-06-25,312,2026062505008964,NRN,99,25,10,"1,428.00","14,280.00"
2026-06-25,313,2026062505008947,NRN,58,25,10,"1,428.00","14,280.00"
2026-06-25,314,2026062505008936,NRN,21,60,260,"1,419.00","368,940.00"
2026-06-25,315,2026062505008935,NRN,58,60,340,"1,419.10","482,494.00"
2026-06-25,316,2026062505008671,NTC,4,42,11,845.00,"9,295.00"
2026-06-25,317,2026062505008670,NTC,4,8,13,845.00,"10,985.00"
2026-06-25,318,2026062505008575,NTC,58,42,2,845.00,"1,690.00"
2026-06-25,319,2026062505008544,NTC,58,1,68,843.50,"57,358.00"
2026-06-25,320,2026062505008572,NYADI,44,45,10,382.00,"3,820.00"
2026-06-25,321,2026062505008571,NYADI,44,52,20,382.00,"7,640.00"
2026-06-25,322,2026062505008521,NYADI,34,38,10,380.50,"3,805.00"
2026-06-25,323,2026062505008946,PHCL,4,33,460,300.00,"138,000.00"
2026-06-25,324,2026062505008945,PHCL,32,33,200,300.00,"60,000.00"
2026-06-25,325,2026062505008944,PHCL,94,33,80,300.00,"24,000.00"
2026-06-25,326,2026062505008943,PHCL,56,33,60,300.10,"18,006.00"
2026-06-25,327,2026062505008942,PHCL,74,33,200,300.10,"60,020.00"
2026-06-25,328,2026062505008941,PHCL,67,33,"1,000",300.50,"300,500.00"
2026-06-25,329,2026062505008503,PHCL,38,26,"1,000",300.00,"300,000.00"
2026-06-25,330,2026062505008502,PHCL,57,26,775,300.00,"232,500.00"
2026-06-25,331,2026062505008501,PHCL,18,26,100,300.10,"30,010.00"
2026-06-25,332,2026062505008500,PHCL,44,26,397,300.10,"119,139.70"
2026-06-25,333,2026062505008499,PHCL,34,26,150,300.20,"45,030.00"
2026-06-25,334,2026062505008498,PHCL,32,26,300,300.30,"90,090.00"
2026-06-25,335,2026062505008509,PHCL,43,26,226,300.00,"67,800.00"
2026-06-25,336,2026062505008508,PHCL,56,26,500,300.00,"150,000.00"
2026-06-25,337,2026062505008507,PHCL,45,26,40,300.00,"12,000.00"
2026-06-25,338,2026062505008506,PHCL,89,26,10,300.00,"3,000.00"
2026-06-25,339,2026062505008505,PHCL,49,26,332,300.00,"99,600.00"
2026-06-25,340,2026062505008504,PHCL,48,26,330,300.00,"99,000.00"
2026-06-25,341,2026062505008913,PHCL,39,22,10,301.00,"3,010.00"
2026-06-25,342,2026062505008868,PHCL,45,58,10,300.50,"3,005.00"
2026-06-25,343,2026062505008694,PHCL,58,14,400,300.60,"120,240.00"
2026-06-25,344,2026062505008573,PHCL,58,51,4,301.00,"1,204.00"
2026-06-25,345,2026062505008562,PHCL,94,58,20,300.00,"6,000.00"
2026-06-25,346,2026062505008543,PHCL,43,57,271,300.00,"81,300.00"
2026-06-25,347,2026062505008968,PPL,49,19,10,335.00,"3,350.00"
2026-06-25,348,2026062505008890,PPL,34,19,10,335.00,"3,350.00"
2026-06-25,349,2026062505008880,PPL,21,19,100,335.00,"33,500.00"
2026-06-25,350,2026062505008879,PPL,58,19,100,335.00,"33,500.00"
2026-06-25,351,2026062505008878,PPL,59,19,10,335.10,"3,351.00"
2026-06-25,352,2026062505008877,PPL,42,19,13,335.90,"4,366.70"
2026-06-25,353,2026062505008779,PPL,59,13,25,335.10,"8,377.50"
2026-06-25,354,2026062505008778,PPL,22,13,100,335.20,"33,520.00"
2026-06-25,355,2026062505008601,PPL,34,19,10,336.00,"3,360.00"
2026-06-25,356,2026062505008592,PPL,17,8,10,336.10,"3,361.00"
2026-06-25,357,2026062505008986,RAWA,94,94,100,450.00,"45,000.00"
2026-06-25,358,2026062505008963,RAWA,22,94,200,450.00,"90,000.00"
2026-06-25,359,2026062505008939,RAWA,45,94,50,450.00,"22,500.00"
2026-06-25,360,2026062505008938,RAWA,35,94,100,452.00,"45,200.00"
2026-06-25,361,2026062505008937,RAWA,22,94,10,452.00,"4,520.00"
2026-06-25,362,2026062505008554,RAWA,22,54,30,452.90,"13,587.00"
2026-06-25,363,2026062505008553,RAWA,22,83,230,450.00,"103,500.00"
2026-06-25,364,2026062505008534,RAWA,59,83,50,450.00,"22,500.00"
2026-06-25,365,2026062505008577,RAWA,22,44,10,453.00,"4,530.00"
2026-06-25,366,2026062505008555,RAWA,22,44,11,453.00,"4,983.00"
2026-06-25,367,2026062505008875,RFPL,6,88,48,350.00,"16,800.00"
2026-06-25,368,2026062505008542,RHGCL,4,1,498,266.50,"132,717.00"
2026-06-25,369,2026062505008541,RHGCL,66,1,200,266.50,"53,300.00"
2026-06-25,370,2026062505008540,RHGCL,66,1,100,266.60,"26,660.00"
2026-06-25,371,2026062505008539,RHGCL,66,1,100,266.60,"26,660.00"
2026-06-25,372,2026062505008538,RHGCL,14,1,300,266.70,"80,010.00"
2026-06-25,373,2026062505008872,RMF1,32,7,100,9.78,978.00
2026-06-25,374,2026062505008552,RNLI,4,62,100,452.00,"45,200.00"
2026-06-25,375,2026062505008615,RNLI,19,62,35,452.00,"15,820.00"
2026-06-25,376,2026062505008580,RNLI,38,62,25,452.00,"11,300.00"
2026-06-25,377,2026062505008861,RNLI,58,62,16,452.00,"7,232.00"
2026-06-25,378,2026062505008712,RNLI,50,62,13,452.00,"5,876.00"
2026-06-25,379,2026062505008969,SAHAS,92,52,20,648.90,"12,978.00"
2026-06-25,380,2026062505008950,SAHAS,42,45,100,648.00,"64,800.00"
2026-06-25,381,2026062505008908,SAHAS,42,42,100,648.00,"64,800.00"
2026-06-25,382,2026062505008837,SAHAS,28,45,687,649.00,"445,863.00"
2026-06-25,383,2026062505008836,SAHAS,28,45,100,648.50,"64,850.00"
2026-06-25,384,2026062505008835,SAHAS,28,8,613,648.50,"397,530.50"
2026-06-25,385,2026062505008639,SAHAS,42,49,30,648.00,"19,440.00"
2026-06-25,386,2026062505008559,SAHAS,33,49,100,648.00,"64,800.00"
2026-06-25,387,2026062505008557,SAHAS,29,8,100,648.50,"64,850.00"
2026-06-25,388,2026062505008556,SAHAS,29,4,200,648.40,"129,680.00"
2026-06-25,389,2026062505008719,SAHAS,33,42,300,648.00,"194,400.00"
2026-06-25,390,2026062505008718,SAHAS,33,49,320,648.00,"207,360.00"
2026-06-25,391,2026062505008674,SAHAS,32,49,50,648.00,"32,400.00"
2026-06-25,392,2026062505008648,SAHAS,33,38,43,647.80,"27,855.40"
2026-06-25,393,2026062505008647,SAHAS,42,38,37,647.80,"23,968.60"
2026-06-25,394,2026062505008646,SAHAS,7,38,20,647.90,"12,958.00"
2026-06-25,395,2026062505008834,SAHAS,28,44,100,648.40,"64,840.00"
2026-06-25,396,2026062505008824,SAHAS,59,42,100,648.00,"64,800.00"
2026-06-25,397,2026062505008723,SAHAS,28,44,500,647.90,"323,950.00"
2026-06-25,398,2026062505008722,SAHAS,33,42,10,648.00,"6,480.00"
2026-06-25,399,2026062505008721,SAHAS,33,38,300,648.00,"194,400.00"
2026-06-25,400,2026062505008720,SAHAS,33,45,100,648.00,"64,800.00"
2026-06-25,401,2026062505008987,SANVI,42,88,10,660.00,"6,600.00"
2026-06-25,402,2026062505008949,SANVI,49,88,10,660.00,"6,600.00"
2026-06-25,403,2026062505008847,SANVI,56,6,10,657.00,"6,570.00"
2026-06-25,404,2026062505008762,SANVI,56,51,970,657.00,"637,290.00"
2026-06-25,405,2026062505008761,SANVI,57,51,400,657.20,"262,880.00"
2026-06-25,406,2026062505008760,SANVI,53,51,30,658.00,"19,740.00"
2026-06-25,407,2026062505008759,SANVI,94,51,100,659.00,"65,900.00"
2026-06-25,408,2026062505008558,SFEF,32,58,300,10.01,"3,003.00"
2026-06-25,409,2026062505008887,SGHC,34,35,150,340.00,"51,000.00"
2026-06-25,410,2026062505008906,SHIVM,26,17,15,628.00,"9,420.00"
2026-06-25,411,2026062505008905,SHIVM,59,17,35,628.00,"21,980.00"
2026-06-25,412,2026062505008904,SHIVM,16,17,50,628.00,"31,400.00"
2026-06-25,413,2026062505008873,SHIVM,59,51,20,628.30,"12,566.00"
2026-06-25,414,2026062505008840,SHIVM,16,25,50,628.00,"31,400.00"
2026-06-25,415,2026062505008678,SHIVM,58,48,90,628.40,"56,556.00"
2026-06-25,416,2026062505008611,SHIVM,26,25,40,627.30,"25,092.00"
2026-06-25,417,2026062505008610,SHIVM,92,25,"1,000",627.40,"627,400.00"
2026-06-25,418,2026062505008609,SHIVM,92,25,"1,000",627.50,"627,500.00"
2026-06-25,419,2026062505008608,SHIVM,81,25,100,627.50,"62,750.00"
2026-06-25,420,2026062505008607,SHIVM,34,25,990,627.80,"621,522.00"
2026-06-25,421,2026062505008673,SHIVM,56,89,191,627.20,"119,795.20"
2026-06-25,422,2026062505008672,SHIVM,32,89,147,627.20,"92,198.40"
2026-06-25,423,2026062505008618,SHIVM,44,48,800,628.40,"502,720.00"
2026-06-25,424,2026062505008614,SHIVM,32,25,103,627.20,"64,601.60"
2026-06-25,425,2026062505008613,SHIVM,28,25,400,627.20,"250,880.00"
2026-06-25,426,2026062505008612,SHIVM,6,25,354,627.30,"222,064.20"
2026-06-25,427,2026062505008815,SIKLES,21,57,75,562.30,"42,172.50"
2026-06-25,428,2026062505008814,SIKLES,63,57,250,562.40,"140,600.00"
2026-06-25,429,2026062505008813,SIKLES,49,57,50,562.40,"28,120.00"
2026-06-25,430,2026062505008812,SIKLES,42,57,78,563.00,"43,914.00"
2026-06-25,431,2026062505008811,SIKLES,42,57,257,563.20,"144,742.40"
2026-06-25,432,2026062505008649,SIKLES,42,48,23,563.20,"12,953.60"
2026-06-25,433,2026062505008600,SIKLES,42,48,210,563.20,"118,272.00"
2026-06-25,434,2026062505008599,SIKLES,58,48,165,563.30,"92,944.50"
2026-06-25,435,2026062505008598,SIKLES,25,48,100,563.30,"56,330.00"
2026-06-25,436,2026062505008876,SLCF,57,19,200,9.94,"1,988.00"
2026-06-25,437,2026062505008957,SMATA,42,43,39,750.00,"29,250.00"
2026-06-25,438,2026062505008956,SMATA,34,43,10,751.00,"7,510.00"
2026-06-25,439,2026062505008955,SMATA,34,43,50,751.10,"37,555.00"
2026-06-25,440,2026062505008954,SMATA,48,43,31,751.10,"23,284.10"
2026-06-25,441,2026062505008793,SMATA,48,38,69,751.10,"51,825.90"
2026-06-25,442,2026062505008792,SMATA,1,38,107,751.30,"80,389.10"
2026-06-25,443,2026062505008715,SMATA,1,32,73,751.30,"54,844.90"
2026-06-25,444,2026062505008714,SMATA,45,32,10,752.10,"7,521.00"
2026-06-25,445,2026062505008713,SMATA,42,32,17,753.00,"12,801.00"
2026-06-25,446,2026062505008948,SMHL,49,36,11,473.50,"5,208.50"
2026-06-25,447,2026062505008888,SMHL,34,90,20,474.00,"9,480.00"
2026-06-25,448,2026062505008870,SMHL,1,90,50,474.00,"23,700.00"
2026-06-25,449,2026062505008746,SMHL,1,90,100,474.00,"47,400.00"
2026-06-25,450,2026062505008525,SMHL,58,90,10,475.00,"4,750.00"
2026-06-25,451,2026062505008895,SONA,42,21,30,424.00,"12,720.00"
2026-06-25,452,2026062505008894,SONA,42,58,10,424.00,"4,240.00"
2026-06-25,453,2026062505008893,SONA,42,37,50,424.00,"21,200.00"
2026-06-25,454,2026062505008892,SONA,42,62,10,424.00,"4,240.00"
2026-06-25,455,2026062505008696,SONA,13,32,210,423.00,"88,830.00"
2026-06-25,456,2026062505008922,SPC,74,38,10,435.90,"4,359.00"
2026-06-25,457,2026062505008729,SPC,42,34,50,431.00,"21,550.00"
2026-06-25,458,2026062505008658,SPC,17,45,10,431.00,"4,310.00"
2026-06-25,459,2026062505008845,SPHL,35,53,10,577.60,"5,776.00"
2026-06-25,460,2026062505008522,STC,1,35,1,"5,300.00","5,300.00"
2026-06-25,461,2026062505008997,TAMOR,61,57,20,444.10,"8,882.00"
2026-06-25,462,2026062505008757,TAMOR,61,43,10,444.10,"4,441.00"
2026-06-25,463,2026062505008717,TAMOR,61,45,70,444.10,"31,087.00"
2026-06-25,464,2026062505008716,TAMOR,32,45,30,444.10,"13,323.00"
2026-06-25,465,2026062505008591,TAMOR,32,38,10,444.10,"4,441.00"
2026-06-25,466,2026062505008874,TPC,50,45,10,359.00,"3,590.00"
2026-06-25,467,2026062505008809,TPC,50,66,490,359.00,"175,910.00"
2026-06-25,468,2026062505008695,TPC,33,8,360,358.00,"128,880.00"
2026-06-25,469,2026062505008655,TPC,33,29,640,358.00,"229,120.00"
2026-06-25,470,2026062505008654,TPC,74,29,360,358.10,"128,916.00"
2026-06-25,471,2026062505008710,TSHL,11,51,240,475.00,"114,000.00"
2026-06-25,472,2026062505008709,TSHL,57,51,10,475.00,"4,750.00"
2026-06-25,473,2026062505008708,TSHL,57,51,350,475.50,"166,425.00"
2026-06-25,474,2026062505008680,TSHL,57,58,150,475.50,"71,325.00"
2026-06-25,475,2026062505008679,TSHL,36,58,60,475.60,"28,536.00"
2026-06-25,476,2026062505008865,TVCL,81,1,259,486.40,"125,977.60"
2026-06-25,477,2026062505008864,TVCL,81,1,200,486.50,"97,300.00"
2026-06-25,478,2026062505008863,TVCL,32,1,41,486.60,"19,950.60"
2026-06-25,479,2026062505008650,TVCL,42,54,10,493.90,"4,939.00"
2026-06-25,480,2026062505008958,UHEWA,80,38,10,600.00,"6,000.00"
2026-06-25,481,2026062505008903,UHEWA,36,38,130,600.00,"78,000.00"
2026-06-25,482,2026062505008891,UHEWA,51,38,400,600.00,"240,000.00"
2026-06-25,483,2026062505008820,UHEWA,14,38,30,600.00,"18,000.00"
2026-06-25,484,2026062505008819,UHEWA,49,38,153,600.00,"91,800.00"
2026-06-25,485,2026062505008818,UHEWA,60,38,184,600.00,"110,400.00"
2026-06-25,486,2026062505008751,UHEWA,48,25,120,605.00,"72,600.00"
2026-06-25,487,2026062505008669,UHEWA,48,25,10,607.90,"6,079.00"
2026-06-25,488,2026062505008640,UHEWA,48,38,200,608.00,"121,600.00"
2026-06-25,489,2026062505008513,UHEWA,48,38,175,608.00,"106,400.00"
2026-06-25,490,2026062505008885,ULHC,5,10,10,411.90,"4,119.00"
2026-06-25,491,2026062505008569,ULHC,58,58,10,410.00,"4,100.00"
2026-06-25,492,2026062505008568,ULHC,58,34,310,409.90,"127,069.00"
2026-06-25,493,2026062505008899,USHEC,34,33,20,493.00,"9,860.00"
2026-06-25,494,2026062505008898,USHEC,34,58,10,492.00,"4,920.00"
2026-06-25,495,2026062505008951,USHL,85,38,13,560.00,"7,280.00"
2026-06-25,496,2026062505008867,USHL,85,63,33,560.00,"18,480.00"
2026-06-25,497,2026062505008783,VLUCL,10,17,10,463.00,"4,630.00"
2026-06-25,498,2026062505008737,VLUCL,33,17,20,460.00,"9,200.00"
2026-06-25,499,2026062505008736,VLUCL,47,17,280,460.00,"128,800.00"
2026-06-25,500,2026062505008735,VLUCL,6,17,180,462.00,"83,160.00"
