date,#,Transact. No.,Symbol,Buyer,Seller,Quantity,Rate,Amount
2026-06-24,1,2026062405014019,AHL,39,8,100,470.00,"47,000.00"
2026-06-24,2,2026062405014188,BEDC,11,43,200,346.00,"69,200.00"
2026-06-24,3,2026062405014072,BEDC,22,43,100,346.00,"34,600.00"
2026-06-24,4,2026062405013720,BEDC,58,57,44,348.00,"15,312.00"
2026-06-24,5,2026062405013719,BEDC,58,58,20,348.00,"6,960.00"
2026-06-24,6,2026062405013813,BEDC,34,71,55,347.00,"19,085.00"
2026-06-24,7,2026062405013776,BEDC,41,45,500,347.10,"173,550.00"
2026-06-24,8,2026062405013819,BEDC,34,36,185,347.00,"64,195.00"
2026-06-24,9,2026062405014071,BEDC,53,43,200,346.00,"69,200.00"
2026-06-24,10,2026062405014070,BEDC,38,43,50,346.10,"17,305.00"
2026-06-24,11,2026062405014034,BGWT,45,48,10,616.00,"6,160.00"
2026-06-24,12,2026062405014033,BHDC,22,49,114,445.00,"50,730.00"
2026-06-24,13,2026062405013805,BHDC,41,49,10,445.00,"4,450.00"
2026-06-24,14,2026062405013754,BHDC,22,45,11,442.50,"4,867.50"
2026-06-24,15,2026062405014128,BHL,17,58,10,210.00,"2,100.00"
2026-06-24,16,2026062405014026,BHL,4,58,25,210.00,"5,250.00"
2026-06-24,17,2026062405013992,BHL,22,57,435,209.00,"90,915.00"
2026-06-24,18,2026062405013991,BHL,57,57,250,209.00,"52,250.00"
2026-06-24,19,2026062405013990,BHL,42,57,150,209.00,"31,350.00"
2026-06-24,20,2026062405013989,BHL,36,57,65,209.00,"13,585.00"
2026-06-24,21,2026062405013727,BHL,44,58,100,210.00,"21,000.00"
2026-06-24,22,2026062405013726,BHL,14,58,50,210.00,"10,500.00"
2026-06-24,23,2026062405013988,BHL,56,57,100,209.10,"20,910.00"
2026-06-24,24,2026062405013935,BHL,5,58,250,210.00,"52,500.00"
2026-06-24,25,2026062405013882,BHL,58,58,22,210.00,"4,620.00"
2026-06-24,26,2026062405013854,BHL,44,19,40,209.80,"8,392.00"
2026-06-24,27,2026062405013821,BHL,36,45,935,209.00,"195,415.00"
2026-06-24,28,2026062405013820,BHL,42,45,65,209.10,"13,591.50"
2026-06-24,29,2026062405014025,BHPL,34,37,10,519.90,"5,199.00"
2026-06-24,30,2026062405014024,BHPL,34,35,80,518.00,"41,440.00"
2026-06-24,31,2026062405013773,BHPL,34,35,10,518.00,"5,180.00"
2026-06-24,32,2026062405013772,BHPL,34,74,100,517.90,"51,790.00"
2026-06-24,33,2026062405013771,BHPL,34,49,41,517.00,"21,197.00"
2026-06-24,34,2026062405013750,BHPL,34,49,10,517.00,"5,170.00"
2026-06-24,35,2026062405013749,BHPL,34,34,40,516.00,"20,640.00"
2026-06-24,36,2026062405013748,BHPL,34,38,100,515.60,"51,560.00"
2026-06-24,37,2026062405013747,BHPL,34,56,100,515.50,"51,550.00"
2026-06-24,38,2026062405013746,BHPL,34,13,200,515.00,"103,000.00"
2026-06-24,39,2026062405013745,BHPL,34,61,100,514.90,"51,490.00"
2026-06-24,40,2026062405013741,BHPL,42,58,20,511.10,"10,222.00"
2026-06-24,41,2026062405013909,BNHC,57,38,190,317.50,"60,325.00"
2026-06-24,42,2026062405013769,BNHC,57,33,271,317.50,"86,042.50"
2026-06-24,43,2026062405014201,CHDC,13,74,45,"2,188.90","98,500.50"
2026-06-24,44,2026062405013934,CHDC,85,74,15,"2,188.90","32,833.50"
2026-06-24,45,2026062405014046,CIT,58,7,30,"1,712.10","51,363.00"
2026-06-24,46,2026062405014045,CIT,42,7,20,"1,712.50","34,250.00"
2026-06-24,47,2026062405013901,CIT,28,39,10,"1,713.00","17,130.00"
2026-06-24,48,2026062405013874,CIT,62,39,25,"1,713.60","42,840.00"
2026-06-24,49,2026062405013852,CIT,62,41,25,"1,713.00","42,825.00"
2026-06-24,50,2026062405013793,CIT,38,41,10,"1,713.00","17,130.00"
2026-06-24,51,2026062405013965,CLI,28,49,3,435.30,"1,305.90"
2026-06-24,52,2026062405013825,CLI,42,58,25,447.70,"11,192.50"
2026-06-24,53,2026062405013803,CLI,42,1,20,447.70,"8,954.00"
2026-06-24,54,2026062405013855,DOLTI,79,11,100,349.00,"34,900.00"
2026-06-24,55,2026062405013804,DOLTI,57,11,30,349.00,"10,470.00"
2026-06-24,56,2026062405013756,DOLTI,21,11,10,349.00,"3,490.00"
2026-06-24,57,2026062405013740,DOLTI,58,11,10,349.00,"3,490.00"
2026-06-24,58,2026062405014115,DORDI,58,74,22,254.90,"5,607.80"
2026-06-24,59,2026062405014067,EHPL,17,42,10,383.50,"3,835.00"
2026-06-24,60,2026062405014042,EHPL,17,90,400,383.50,"153,400.00"
2026-06-24,61,2026062405014041,EHPL,17,19,200,383.50,"76,700.00"
2026-06-24,62,2026062405013987,EHPL,50,45,303,382.00,"115,746.00"
2026-06-24,63,2026062405013858,EHPL,28,45,267,382.10,"102,020.70"
2026-06-24,64,2026062405013857,EHPL,57,45,30,382.10,"11,463.00"
2026-06-24,65,2026062405013856,EHPL,5,45,100,382.50,"38,250.00"
2026-06-24,66,2026062405014187,ENL,74,57,10,849.00,"8,490.00"
2026-06-24,67,2026062405013778,GCIL,45,48,243,367.00,"89,181.00"
2026-06-24,68,2026062405013777,GCIL,45,41,43,366.00,"15,738.00"
2026-06-24,69,2026062405014143,GVL,53,1,500,476.50,"238,250.00"
2026-06-24,70,2026062405013865,GVL,53,60,20,475.90,"9,518.00"
2026-06-24,71,2026062405013864,GVL,38,60,100,476.00,"47,600.00"
2026-06-24,72,2026062405013863,GVL,45,60,300,476.00,"142,800.00"
2026-06-24,73,2026062405013862,GVL,11,60,20,476.00,"9,520.00"
2026-06-24,74,2026062405013861,GVL,44,60,200,476.10,"95,220.00"
2026-06-24,75,2026062405013860,GVL,38,60,360,476.10,"171,396.00"
2026-06-24,76,2026062405013822,GVL,1,34,1,476.00,476.00
2026-06-24,77,2026062405013789,GVL,53,45,650,476.30,"309,595.00"
2026-06-24,78,2026062405014192,HATHY,54,45,10,737.00,"7,370.00"
2026-06-24,79,2026062405014191,HATHY,58,45,20,739.00,"14,780.00"
2026-06-24,80,2026062405014190,HATHY,58,45,12,739.00,"8,868.00"
2026-06-24,81,2026062405013738,HDL,32,11,36,"1,141.90","41,108.40"
2026-06-24,82,2026062405013737,HDL,32,65,14,"1,141.00","15,974.00"
2026-06-24,83,2026062405013736,HDL,32,42,110,"1,140.30","125,433.00"
2026-06-24,84,2026062405013729,HDL,90,42,50,"1,140.30","57,015.00"
2026-06-24,85,2026062405013815,HDL,6,11,50,"1,141.90","57,095.00"
2026-06-24,86,2026062405013975,HDL,26,42,10,"1,140.30","11,403.00"
2026-06-24,87,2026062405013974,HDL,39,42,50,"1,140.30","57,015.00"
2026-06-24,88,2026062405013973,HDL,53,42,58,"1,140.40","66,143.20"
2026-06-24,89,2026062405013972,HDL,58,42,10,"1,140.40","11,404.00"
2026-06-24,90,2026062405013971,HDL,49,42,100,"1,140.50","114,050.00"
2026-06-24,91,2026062405013999,HDL,58,11,14,"1,141.90","15,986.60"
2026-06-24,92,2026062405013979,HDL,57,42,185,"1,140.20","210,937.00"
2026-06-24,93,2026062405013978,HDL,36,42,10,"1,140.30","11,403.00"
2026-06-24,94,2026062405013977,HDL,57,42,20,"1,140.30","22,806.00"
2026-06-24,95,2026062405013976,HDL,25,42,50,"1,140.30","57,015.00"
2026-06-24,96,2026062405014022,HDL,57,14,100,"1,140.20","114,020.00"
2026-06-24,97,2026062405014010,HDL,6,22,20,"1,141.80","22,836.00"
2026-06-24,98,2026062405014195,HHL,84,41,24,342.90,"8,229.60"
2026-06-24,99,2026062405014185,HHL,17,41,20,342.90,"6,858.00"
2026-06-24,100,2026062405014132,HHL,21,41,186,342.90,"63,779.40"
2026-06-24,101,2026062405014131,HHL,21,38,14,342.00,"4,788.00"
2026-06-24,102,2026062405013959,HHL,33,38,396,342.00,"135,432.00"
2026-06-24,103,2026062405013883,HHL,58,38,90,342.00,"30,780.00"
2026-06-24,104,2026062405014207,HIDCL,58,7,109,256.00,"27,904.00"
2026-06-24,105,2026062405014206,HIDCL,58,54,14,255.90,"3,582.60"
2026-06-24,106,2026062405014205,HIDCL,58,32,42,255.00,"10,710.00"
2026-06-24,107,2026062405014204,HIDCL,58,22,39,255.00,"9,945.00"
2026-06-24,108,2026062405014203,HIDCL,58,42,696,255.00,"177,480.00"
2026-06-24,109,2026062405014023,HIDCL,32,42,100,254.00,"25,400.00"
2026-06-24,110,2026062405013824,HIDCL,44,42,50,255.00,"12,750.00"
2026-06-24,111,2026062405013812,HIDCL,42,42,100,255.00,"25,500.00"
2026-06-24,112,2026062405013755,HIDCL,42,42,20,255.00,"5,100.00"
2026-06-24,113,2026062405013907,HIDCL,32,57,"1,467",254.00,"372,618.00"
2026-06-24,114,2026062405013906,HIDCL,32,57,180,254.00,"45,720.00"
2026-06-24,115,2026062405013905,HIDCL,49,57,64,254.00,"16,256.00"
2026-06-24,116,2026062405013904,HIDCL,42,57,100,254.10,"25,410.00"
2026-06-24,117,2026062405013903,HIDCL,32,57,"1,000",254.10,"254,100.00"
2026-06-24,118,2026062405013902,HIDCL,57,57,189,254.20,"48,043.80"
2026-06-24,119,2026062405014141,HRL,50,36,87,594.00,"51,678.00"
2026-06-24,120,2026062405014133,HRL,43,56,50,594.80,"29,740.00"
2026-06-24,121,2026062405014040,HRL,50,48,22,594.00,"13,068.00"
2026-06-24,122,2026062405014039,HRL,59,48,48,594.10,"28,516.80"
2026-06-24,123,2026062405014000,HRL,25,21,98,594.60,"58,270.80"
2026-06-24,124,2026062405013751,HRL,17,13,169,593.50,"100,301.50"
2026-06-24,125,2026062405013728,HRL,45,58,10,594.00,"5,940.00"
2026-06-24,126,2026062405013708,HRL,17,58,10,593.50,"5,935.00"
2026-06-24,127,2026062405013798,HRL,42,52,30,593.00,"17,790.00"
2026-06-24,128,2026062405013797,HRL,58,52,10,593.00,"5,930.00"
2026-06-24,129,2026062405013775,HRL,29,13,12,593.10,"7,117.20"
2026-06-24,130,2026062405013752,HRL,58,13,41,593.10,"24,317.10"
2026-06-24,131,2026062405013944,HRL,50,42,41,594.00,"24,354.00"
2026-06-24,132,2026062405013943,HRL,57,42,20,594.00,"11,880.00"
2026-06-24,133,2026062405013894,HRL,62,21,10,594.60,"5,946.00"
2026-06-24,134,2026062405013881,HRL,57,6,30,594.00,"17,820.00"
2026-06-24,135,2026062405014151,IHL,36,26,10,372.00,"3,720.00"
2026-06-24,136,2026062405014123,IHL,42,26,250,372.00,"93,000.00"
2026-06-24,137,2026062405014059,IHL,36,26,10,372.00,"3,720.00"
2026-06-24,138,2026062405013853,IHL,6,43,800,370.60,"296,480.00"
2026-06-24,139,2026062405013851,IHL,7,26,10,372.00,"3,720.00"
2026-06-24,140,2026062405013802,IHL,10,26,10,372.00,"3,720.00"
2026-06-24,141,2026062405014137,ILI,21,6,13,424.00,"5,512.00"
2026-06-24,142,2026062405014136,ILI,21,42,12,424.00,"5,088.00"
2026-06-24,143,2026062405014135,ILI,21,50,151,424.00,"64,024.00"
2026-06-24,144,2026062405013850,ILI,42,33,90,423.10,"38,079.00"
2026-06-24,145,2026062405013849,ILI,45,7,12,423.00,"5,076.00"
2026-06-24,146,2026062405013788,ILI,56,33,102,423.50,"43,197.00"
2026-06-24,147,2026062405013785,ILI,29,56,2,415.00,830.00
2026-06-24,148,2026062405013757,ILI,56,58,12,423.50,"5,082.00"
2026-06-24,149,2026062405013938,KBSH,49,25,15,"1,370.10","20,551.50"
2026-06-24,150,2026062405013937,KBSH,49,45,26,"1,370.00","35,620.00"
2026-06-24,151,2026062405013818,KDBY,42,19,"3,400",10.95,"37,230.00"
2026-06-24,152,2026062405013735,MAKAR,45,58,62,481.20,"29,834.40"
2026-06-24,153,2026062405013734,MAKAR,45,58,78,481.30,"37,541.40"
2026-06-24,154,2026062405013733,MAKAR,45,58,188,481.40,"90,503.20"
2026-06-24,155,2026062405013732,MAKAR,45,58,72,481.40,"34,660.80"
2026-06-24,156,2026062405013731,MAKAR,42,58,420,482.00,"202,440.00"
2026-06-24,157,2026062405014068,MBJC,22,64,67,278.00,"18,626.00"
2026-06-24,158,2026062405014062,MBJC,79,64,23,278.00,"6,394.00"
2026-06-24,159,2026062405013870,MBJC,38,3,20,279.00,"5,580.00"
2026-06-24,160,2026062405013869,MBJC,38,3,50,279.00,"13,950.00"
2026-06-24,161,2026062405013868,MBJC,38,47,10,279.00,"2,790.00"
2026-06-24,162,2026062405013867,MBJC,38,41,20,279.00,"5,580.00"
2026-06-24,163,2026062405013996,MCHL,7,48,400,303.00,"121,200.00"
2026-06-24,164,2026062405013823,MCHL,49,58,30,302.40,"9,072.00"
2026-06-24,165,2026062405013814,MCHL,45,48,53,303.00,"16,059.00"
2026-06-24,166,2026062405013780,MCHL,4,48,67,303.00,"20,301.00"
2026-06-24,167,2026062405013763,MCHL,42,48,188,303.00,"56,964.00"
2026-06-24,168,2026062405013986,MEHL,33,67,25,350.00,"8,750.00"
2026-06-24,169,2026062405013985,MEHL,33,57,10,350.00,"3,500.00"
2026-06-24,170,2026062405013984,MEHL,33,45,220,350.00,"77,000.00"
2026-06-24,171,2026062405014127,MEL,57,25,519,226.60,"117,605.40"
2026-06-24,172,2026062405013743,MEL,29,8,10,226.00,"2,260.00"
2026-06-24,173,2026062405013799,MEL,57,8,461,226.00,"104,186.00"
2026-06-24,174,2026062405013784,MEL,19,8,100,226.00,"22,600.00"
2026-06-24,175,2026062405013801,MEL,57,19,10,226.00,"2,260.00"
2026-06-24,176,2026062405013800,MEL,57,76,10,226.00,"2,260.00"
2026-06-24,177,2026062405014140,MHL,14,43,100,480.60,"48,060.00"
2026-06-24,178,2026062405014139,MHL,14,45,220,480.60,"105,732.00"
2026-06-24,179,2026062405013753,MHL,54,36,50,480.30,"24,015.00"
2026-06-24,180,2026062405013844,MKHC,13,68,213,304.00,"64,752.00"
2026-06-24,181,2026062405013843,MKHC,13,68,100,304.00,"30,400.00"
2026-06-24,182,2026062405013842,MKHC,45,68,30,304.00,"9,120.00"
2026-06-24,183,2026062405013841,MKHC,35,68,142,304.00,"43,168.00"
2026-06-24,184,2026062405013828,MKHC,38,68,100,307.60,"30,760.00"
2026-06-24,185,2026062405013834,MKHC,38,68,100,307.10,"30,710.00"
2026-06-24,186,2026062405013833,MKHC,38,68,100,307.30,"30,730.00"
2026-06-24,187,2026062405013832,MKHC,34,68,50,307.40,"15,370.00"
2026-06-24,188,2026062405013831,MKHC,38,68,90,307.40,"27,666.00"
2026-06-24,189,2026062405013830,MKHC,40,68,40,307.50,"12,300.00"
2026-06-24,190,2026062405013829,MKHC,40,68,100,307.60,"30,760.00"
2026-06-24,191,2026062405013840,MKHC,8,68,20,304.00,"6,080.00"
2026-06-24,192,2026062405013839,MKHC,42,68,200,304.40,"60,880.00"
2026-06-24,193,2026062405013838,MKHC,8,68,90,305.00,"27,450.00"
2026-06-24,194,2026062405013837,MKHC,7,68,400,305.10,"122,040.00"
2026-06-24,195,2026062405013836,MKHC,21,68,35,306.00,"10,710.00"
2026-06-24,196,2026062405013835,MKHC,40,68,190,307.00,"58,330.00"
2026-06-24,197,2026062405014180,MKHL,92,22,18,493.90,"8,890.20"
2026-06-24,198,2026062405014179,MKHL,92,11,12,492.00,"5,904.00"
2026-06-24,199,2026062405014178,MKHL,92,18,490,490.00,"240,100.00"
2026-06-24,200,2026062405014028,MKJC,92,26,500,475.00,"237,500.00"
2026-06-24,201,2026062405014027,MKJC,92,74,10,475.00,"4,750.00"
2026-06-24,202,2026062405014130,MMKJL,6,22,10,480.00,"4,800.00"
2026-06-24,203,2026062405013933,MMKJL,13,40,100,462.00,"46,200.00"
2026-06-24,204,2026062405013932,MMKJL,49,40,50,462.00,"23,100.00"
2026-06-24,205,2026062405013931,MMKJL,26,40,100,462.10,"46,210.00"
2026-06-24,206,2026062405013930,MMKJL,48,40,500,465.00,"232,500.00"
2026-06-24,207,2026062405013929,MMKJL,36,40,100,465.60,"46,560.00"
2026-06-24,208,2026062405013910,MMKJL,6,40,20,478.00,"9,560.00"
2026-06-24,209,2026062405013875,MMKJL,6,58,10,478.00,"4,780.00"
2026-06-24,210,2026062405013762,MMKJL,6,36,10,478.00,"4,780.00"
2026-06-24,211,2026062405013761,MMKJL,6,19,10,478.00,"4,780.00"
2026-06-24,212,2026062405013916,MMKJL,16,40,30,475.60,"14,268.00"
2026-06-24,213,2026062405013915,MMKJL,44,40,10,475.70,"4,757.00"
2026-06-24,214,2026062405013914,MMKJL,44,40,76,475.70,"36,153.20"
2026-06-24,215,2026062405013913,MMKJL,47,40,20,475.80,"9,516.00"
2026-06-24,216,2026062405013912,MMKJL,21,40,20,475.90,"9,518.00"
2026-06-24,217,2026062405013911,MMKJL,38,40,25,476.00,"11,900.00"
2026-06-24,218,2026062405013922,MMKJL,29,40,500,475.00,"237,500.00"
2026-06-24,219,2026062405013921,MMKJL,51,40,100,475.00,"47,500.00"
2026-06-24,220,2026062405013920,MMKJL,96,40,100,475.00,"47,500.00"
2026-06-24,221,2026062405013919,MMKJL,50,40,500,475.20,"237,600.00"
2026-06-24,222,2026062405013918,MMKJL,26,40,200,475.40,"95,080.00"
2026-06-24,223,2026062405013917,MMKJL,26,40,200,475.50,"95,100.00"
2026-06-24,224,2026062405013928,MMKJL,38,40,101,469.00,"47,369.00"
2026-06-24,225,2026062405013927,MMKJL,5,40,10,470.00,"4,700.00"
2026-06-24,226,2026062405013926,MMKJL,43,40,130,470.00,"61,100.00"
2026-06-24,227,2026062405013925,MMKJL,42,40,660,470.10,"310,266.00"
2026-06-24,228,2026062405013924,MMKJL,16,40,200,470.10,"94,020.00"
2026-06-24,229,2026062405013923,MMKJL,58,40,21,473.00,"9,933.00"
2026-06-24,230,2026062405013872,MSHL,56,45,10,667.00,"6,670.00"
2026-06-24,231,2026062405013859,NBF3,33,45,300,9.99,"2,997.00"
2026-06-24,232,2026062405014170,NIFRA,65,17,10,252.00,"2,520.00"
2026-06-24,233,2026062405014169,NIFRA,65,57,54,252.00,"13,608.00"
2026-06-24,234,2026062405014168,NIFRA,65,17,10,252.00,"2,520.00"
2026-06-24,235,2026062405014167,NIFRA,65,34,64,252.00,"16,128.00"
2026-06-24,236,2026062405014166,NIFRA,65,11,40,252.00,"10,080.00"
2026-06-24,237,2026062405014165,NIFRA,65,42,64,252.00,"16,128.00"
2026-06-24,238,2026062405013941,NIFRA,3,28,314,251.90,"79,096.60"
2026-06-24,239,2026062405013808,NIFRA,57,28,30,251.90,"7,557.00"
2026-06-24,240,2026062405014037,NIFRA,21,5,684,252.00,"172,368.00"
2026-06-24,241,2026062405014036,NIFRA,21,32,64,252.00,"16,128.00"
2026-06-24,242,2026062405014035,NIFRA,21,14,252,252.00,"63,504.00"
2026-06-24,243,2026062405014009,NIFRA,37,57,839,251.90,"211,344.10"
2026-06-24,244,2026062405013997,NIFRA,42,57,75,251.90,"18,892.50"
2026-06-24,245,2026062405013942,NIFRA,3,57,86,251.90,"21,663.40"
2026-06-24,246,2026062405014164,NIFRA,65,20,14,252.00,"3,528.00"
2026-06-24,247,2026062405014163,NIFRA,65,22,70,252.00,"17,640.00"
2026-06-24,248,2026062405014162,NIFRA,65,58,54,252.00,"13,608.00"
2026-06-24,249,2026062405014161,NIFRA,65,5,129,252.00,"32,508.00"
2026-06-24,250,2026062405014094,NIFRA,49,36,3,251.00,753.00
2026-06-24,251,2026062405014063,NIFRA,36,5,187,252.00,"47,124.00"
2026-06-24,252,2026062405014193,NRIC,14,28,10,958.50,"9,585.00"
2026-06-24,253,2026062405014171,NRIC,34,28,10,958.50,"9,585.00"
2026-06-24,254,2026062405014064,NRIC,66,66,50,956.10,"47,805.00"
2026-06-24,255,2026062405014018,NRIC,4,28,83,958.50,"79,555.50"
2026-06-24,256,2026062405013817,NRIC,66,62,10,955.10,"9,551.00"
2026-06-24,257,2026062405014173,NRM,57,74,380,317.50,"120,650.00"
2026-06-24,258,2026062405014061,NRM,57,48,10,317.00,"3,170.00"
2026-06-24,259,2026062405014058,NRM,57,45,350,317.00,"110,950.00"
2026-06-24,260,2026062405014011,NRM,57,45,10,317.00,"3,170.00"
2026-06-24,261,2026062405013998,NRM,42,74,70,317.50,"22,225.00"
2026-06-24,262,2026062405013968,NRM,57,58,10,317.00,"3,170.00"
2026-06-24,263,2026062405013961,NRM,57,49,30,317.00,"9,510.00"
2026-06-24,264,2026062405013886,NRM,57,58,10,317.00,"3,170.00"
2026-06-24,265,2026062405013764,NRM,49,58,30,316.30,"9,489.00"
2026-06-24,266,2026062405013759,NRM,22,74,15,317.50,"4,762.50"
2026-06-24,267,2026062405014202,NRN,28,65,10,"1,429.90","14,299.00"
2026-06-24,268,2026062405014177,NRN,26,65,10,"1,429.90","14,299.00"
2026-06-24,269,2026062405014176,NRN,35,80,13,"1,420.00","18,460.00"
2026-06-24,270,2026062405014175,NRN,63,80,87,"1,425.00","123,975.00"
2026-06-24,271,2026062405014172,NRN,32,65,500,"1,429.90","714,950.00"
2026-06-24,272,2026062405014159,NRN,60,65,10,"1,429.90","14,299.00"
2026-06-24,273,2026062405013767,NRN,48,18,40,"1,422.00","56,880.00"
2026-06-24,274,2026062405013760,NRN,34,58,500,"1,420.00","710,000.00"
2026-06-24,275,2026062405013827,NRN,58,36,45,"1,419.00","63,855.00"
2026-06-24,276,2026062405013826,NRN,46,41,1,"1,400.00","1,400.00"
2026-06-24,277,2026062405013770,NRN,34,68,445,"1,420.00","631,900.00"
2026-06-24,278,2026062405013877,NRN,21,68,55,"1,418.20","78,001.00"
2026-06-24,279,2026062405014001,NRN,21,65,25,"1,423.00","35,575.00"
2026-06-24,280,2026062405014119,NRN,36,64,20,"1,418.30","28,366.00"
2026-06-24,281,2026062405014118,NRN,32,64,115,"1,420.00","163,300.00"
2026-06-24,282,2026062405014112,NRN,58,65,45,"1,423.00","64,035.00"
2026-06-24,283,2026062405014111,NRN,58,19,51,"1,422.00","72,522.00"
2026-06-24,284,2026062405014144,NRN,58,85,100,"1,425.30","142,530.00"
2026-06-24,285,2026062405014125,NRN,63,25,113,"1,424.00","160,912.00"
2026-06-24,286,2026062405014124,NRN,63,13,40,"1,423.00","56,920.00"
2026-06-24,287,2026062405014122,NRN,49,64,25,"1,418.20","35,455.00"
2026-06-24,288,2026062405014121,NRN,25,64,100,"1,418.20","141,820.00"
2026-06-24,289,2026062405014120,NRN,25,64,40,"1,418.20","56,728.00"
2026-06-24,290,2026062405014150,NRN,101,65,93,"1,429.90","132,980.70"
2026-06-24,291,2026062405014149,NRN,101,85,317,"1,429.90","453,278.30"
2026-06-24,292,2026062405014148,NRN,101,5,100,"1,428.00","142,800.00"
2026-06-24,293,2026062405014147,NRN,101,60,100,"1,426.80","142,680.00"
2026-06-24,294,2026062405014146,NRN,101,58,500,"1,426.00","713,000.00"
2026-06-24,295,2026062405014145,NRN,101,85,890,"1,425.30","1,268,517.00"
2026-06-24,296,2026062405014017,NTC,45,38,10,844.00,"8,440.00"
2026-06-24,297,2026062405013895,NTC,52,58,5,844.00,"4,220.00"
2026-06-24,298,2026062405013742,NTC,3,38,25,845.00,"21,125.00"
2026-06-24,299,2026062405014069,NYADI,44,58,10,381.00,"3,810.00"
2026-06-24,300,2026062405013994,NYADI,44,42,95,380.00,"36,100.00"
2026-06-24,301,2026062405013787,NYADI,44,42,100,380.00,"38,000.00"
2026-06-24,302,2026062405014117,PHCL,48,38,200,303.00,"60,600.00"
2026-06-24,303,2026062405013960,PHCL,26,38,30,303.00,"9,090.00"
2026-06-24,304,2026062405013940,PHCL,39,38,30,303.00,"9,090.00"
2026-06-24,305,2026062405013939,PHCL,39,33,20,302.90,"6,058.00"
2026-06-24,306,2026062405013876,PHCL,33,44,215,302.00,"64,930.00"
2026-06-24,307,2026062405013792,PHCL,59,44,500,302.00,"151,000.00"
2026-06-24,308,2026062405014184,PPL,34,22,10,334.00,"3,340.00"
2026-06-24,309,2026062405014174,PPL,49,22,10,334.00,"3,340.00"
2026-06-24,310,2026062405014073,PPL,42,45,500,333.70,"166,850.00"
2026-06-24,311,2026062405014030,PPL,33,22,100,334.00,"33,400.00"
2026-06-24,312,2026062405014016,PPL,42,22,100,334.00,"33,400.00"
2026-06-24,313,2026062405014008,PPL,38,22,100,334.00,"33,400.00"
2026-06-24,314,2026062405013993,PPL,22,22,100,334.00,"33,400.00"
2026-06-24,315,2026062405013796,PPL,59,22,300,334.00,"100,200.00"
2026-06-24,316,2026062405013795,PPL,13,22,200,334.00,"66,800.00"
2026-06-24,317,2026062405013794,PPL,19,22,400,334.10,"133,640.00"
2026-06-24,318,2026062405014134,RAWA,6,39,690,455.30,"314,157.00"
2026-06-24,319,2026062405013758,RAWA,91,36,10,455.10,"4,551.00"
2026-06-24,320,2026062405013725,RAWA,6,78,50,458.00,"22,900.00"
2026-06-24,321,2026062405013898,RAWA,39,11,300,456.00,"136,800.00"
2026-06-24,322,2026062405013897,RAWA,44,11,70,456.00,"31,920.00"
2026-06-24,323,2026062405013848,RAWA,44,11,300,456.00,"136,800.00"
2026-06-24,324,2026062405013847,RAWA,25,11,100,456.00,"45,600.00"
2026-06-24,325,2026062405013846,RAWA,34,11,100,456.00,"45,600.00"
2026-06-24,326,2026062405014021,RAWA,11,25,100,457.00,"45,700.00"
2026-06-24,327,2026062405013967,RAWA,90,42,75,455.20,"34,140.00"
2026-06-24,328,2026062405013966,RAWA,6,42,25,455.30,"11,382.50"
2026-06-24,329,2026062405013899,RAWA,90,11,130,455.20,"59,176.00"
2026-06-24,330,2026062405014044,RFPL,4,7,20,353.00,"7,060.00"
2026-06-24,331,2026062405014043,RFPL,4,88,100,353.00,"35,300.00"
2026-06-24,332,2026062405013786,RHGCL,4,41,360,269.90,"97,164.00"
2026-06-24,333,2026062405014186,RNLI,58,44,10,454.80,"4,548.00"
2026-06-24,334,2026062405014158,RNLI,16,44,10,454.80,"4,548.00"
2026-06-24,335,2026062405014113,RNLI,72,44,10,454.80,"4,548.00"
2026-06-24,336,2026062405013779,RNLI,6,49,12,452.00,"5,424.00"
2026-06-24,337,2026062405013721,RNLI,59,16,2,438.00,876.00
2026-06-24,338,2026062405014116,SAHAS,17,28,50,642.80,"32,140.00"
2026-06-24,339,2026062405014049,SAHAS,19,58,48,641.30,"30,782.40"
2026-06-24,340,2026062405014048,SAHAS,49,58,37,642.00,"23,754.00"
2026-06-24,341,2026062405014047,SAHAS,42,58,15,642.20,"9,633.00"
2026-06-24,342,2026062405013964,SAHAS,57,28,189,642.80,"121,489.20"
2026-06-24,343,2026062405013963,SAHAS,57,58,11,642.30,"7,065.30"
2026-06-24,344,2026062405013948,SAHAS,39,58,50,642.30,"32,115.00"
2026-06-24,345,2026062405013896,SAHAS,58,99,100,643.00,"64,300.00"
2026-06-24,346,2026062405013893,SAHAS,17,99,294,643.00,"189,042.00"
2026-06-24,347,2026062405013880,SAHAS,69,99,"1,944",643.00,"1,249,992.00"
2026-06-24,348,2026062405013879,SAHAS,69,1,10,643.00,"6,430.00"
2026-06-24,349,2026062405013878,SAHAS,69,16,46,643.00,"29,578.00"
2026-06-24,350,2026062405013958,SANVI,58,1,20,673.90,"13,478.00"
2026-06-24,351,2026062405013957,SANVI,58,101,100,673.80,"67,380.00"
2026-06-24,352,2026062405013956,SANVI,58,101,100,673.70,"67,370.00"
2026-06-24,353,2026062405013955,SANVI,58,1,50,672.00,"33,600.00"
2026-06-24,354,2026062405013954,SANVI,58,42,10,672.00,"6,720.00"
2026-06-24,355,2026062405013953,SANVI,58,20,10,671.00,"6,710.00"
2026-06-24,356,2026062405013709,SANVI,58,91,210,668.00,"140,280.00"
2026-06-24,357,2026062405013715,SANVI,58,58,10,670.00,"6,700.00"
2026-06-24,358,2026062405013714,SANVI,58,95,10,670.00,"6,700.00"
2026-06-24,359,2026062405013713,SANVI,58,1,50,669.00,"33,450.00"
2026-06-24,360,2026062405013712,SANVI,58,46,10,669.00,"6,690.00"
2026-06-24,361,2026062405013711,SANVI,58,28,10,669.00,"6,690.00"
2026-06-24,362,2026062405013710,SANVI,58,5,120,669.00,"80,280.00"
2026-06-24,363,2026062405013952,SANVI,58,57,10,671.00,"6,710.00"
2026-06-24,364,2026062405013951,SANVI,58,77,100,670.00,"67,000.00"
2026-06-24,365,2026062405013950,SANVI,58,52,80,670.00,"53,600.00"
2026-06-24,366,2026062405013949,SANVI,58,53,20,670.00,"13,400.00"
2026-06-24,367,2026062405013717,SANVI,58,53,20,670.00,"13,400.00"
2026-06-24,368,2026062405013716,SANVI,58,22,10,670.00,"6,700.00"
2026-06-24,369,2026062405014142,SGHC,48,17,10,343.90,"3,439.00"
2026-06-24,370,2026062405013790,SGHC,60,49,315,340.20,"107,163.00"
2026-06-24,371,2026062405014196,SHIVM,56,25,100,630.00,"63,000.00"
2026-06-24,372,2026062405014189,SHIVM,43,6,45,629.00,"28,305.00"
2026-06-24,373,2026062405014110,SHIVM,43,48,455,629.00,"286,195.00"
2026-06-24,374,2026062405014109,SHIVM,45,48,15,629.00,"9,435.00"
2026-06-24,375,2026062405014108,SHIVM,52,48,10,629.00,"6,290.00"
2026-06-24,376,2026062405014107,SHIVM,52,48,10,629.10,"6,291.00"
2026-06-24,377,2026062405013744,SHIVM,14,49,100,631.50,"63,150.00"
2026-06-24,378,2026062405013892,SHIVM,48,42,116,632.00,"73,312.00"
2026-06-24,379,2026062405013891,SHIVM,48,78,490,631.90,"309,631.00"
2026-06-24,380,2026062405013890,SHIVM,48,51,24,631.50,"15,156.00"
2026-06-24,381,2026062405013889,SHIVM,48,49,70,631.50,"44,205.00"
2026-06-24,382,2026062405013791,SHIVM,35,49,10,631.50,"6,315.00"
2026-06-24,383,2026062405013774,SHIVM,22,49,20,631.50,"12,630.00"
2026-06-24,384,2026062405014050,SHIVM,26,48,50,631.50,"31,575.00"
2026-06-24,385,2026062405014031,SHIVM,6,62,100,632.00,"63,200.00"
2026-06-24,386,2026062405014029,SHIVM,8,62,15,632.00,"9,480.00"
2026-06-24,387,2026062405013995,SHIVM,4,42,500,632.00,"316,000.00"
2026-06-24,388,2026062405013936,SHIVM,58,42,144,632.00,"91,008.00"
2026-06-24,389,2026062405013908,SHIVM,52,42,34,632.00,"21,488.00"
2026-06-24,390,2026062405014056,SHIVM,62,48,100,630.40,"63,040.00"
2026-06-24,391,2026062405014055,SHIVM,25,48,140,631.00,"88,340.00"
2026-06-24,392,2026062405014054,SHIVM,4,48,10,631.00,"6,310.00"
2026-06-24,393,2026062405014053,SHIVM,48,48,30,631.00,"18,930.00"
2026-06-24,394,2026062405014052,SHIVM,58,48,10,631.10,"6,311.00"
2026-06-24,395,2026062405014051,SHIVM,34,48,10,631.50,"6,315.00"
2026-06-24,396,2026062405014100,SHIVM,52,25,50,630.10,"31,505.00"
2026-06-24,397,2026062405014099,SHIVM,44,25,375,630.30,"236,362.50"
2026-06-24,398,2026062405014098,SHIVM,3,25,100,631.60,"63,160.00"
2026-06-24,399,2026062405014066,SHIVM,56,62,10,632.00,"6,320.00"
2026-06-24,400,2026062405014065,SHIVM,45,62,10,632.00,"6,320.00"
2026-06-24,401,2026062405014057,SHIVM,44,48,625,630.30,"393,937.50"
2026-06-24,402,2026062405014106,SHIVM,39,48,10,629.10,"6,291.00"
2026-06-24,403,2026062405014105,SHIVM,58,25,10,630.00,"6,300.00"
2026-06-24,404,2026062405014104,SHIVM,58,25,10,630.00,"6,300.00"
2026-06-24,405,2026062405014103,SHIVM,49,25,100,630.00,"63,000.00"
2026-06-24,406,2026062405014102,SHIVM,78,25,500,630.00,"315,000.00"
2026-06-24,407,2026062405014101,SHIVM,47,25,368,630.00,"231,840.00"
2026-06-24,408,2026062405014097,SIKLES,81,38,10,561.30,"5,613.00"
2026-06-24,409,2026062405014006,SIKLES,81,1,110,561.30,"61,743.00"
2026-06-24,410,2026062405014005,SIKLES,25,1,200,561.30,"112,260.00"
2026-06-24,411,2026062405014004,SIKLES,6,1,100,561.30,"56,130.00"
2026-06-24,412,2026062405014003,SIKLES,41,1,50,562.00,"28,100.00"
2026-06-24,413,2026062405014096,SMATA,26,32,42,753.30,"31,638.60"
2026-06-24,414,2026062405014095,SMATA,42,32,79,754.00,"59,566.00"
2026-06-24,415,2026062405013766,SMATA,42,29,16,754.00,"12,064.00"
2026-06-24,416,2026062405013765,SMATA,52,29,10,755.00,"7,550.00"
2026-06-24,417,2026062405013983,SMH,44,42,45,562.00,"25,290.00"
2026-06-24,418,2026062405013982,SMH,44,54,20,560.00,"11,200.00"
2026-06-24,419,2026062405013981,SMH,44,25,500,559.90,"279,950.00"
2026-06-24,420,2026062405013980,SMH,44,67,25,559.00,"13,975.00"
2026-06-24,421,2026062405013888,SMH,42,26,60,556.70,"33,402.00"
2026-06-24,422,2026062405014160,SMHL,45,45,326,475.00,"154,850.00"
2026-06-24,423,2026062405014126,SMJC,58,34,10,455.00,"4,550.00"
2026-06-24,424,2026062405013900,SMJC,66,62,47,458.80,"21,563.60"
2026-06-24,425,2026062405013969,SONA,21,16,10,424.00,"4,240.00"
2026-06-24,426,2026062405013866,SONA,21,49,20,424.00,"8,480.00"
2026-06-24,427,2026062405013816,SONA,48,45,10,423.00,"4,230.00"
2026-06-24,428,2026062405013807,SONA,34,49,80,424.00,"33,920.00"
2026-06-24,429,2026062405014194,SPC,64,48,70,438.00,"30,660.00"
2026-06-24,430,2026062405014032,SPC,64,48,11,438.00,"4,818.00"
2026-06-24,431,2026062405014152,SPHL,35,60,12,581.00,"6,972.00"
2026-06-24,432,2026062405014060,SPHL,35,53,12,581.70,"6,980.40"
2026-06-24,433,2026062405013887,SPHL,35,60,41,581.00,"23,821.00"
2026-06-24,434,2026062405013873,SPHL,35,95,41,580.00,"23,780.00"
2026-06-24,435,2026062405013845,SPHL,35,53,20,581.70,"11,634.00"
2026-06-24,436,2026062405013811,SPHL,6,87,500,580.00,"290,000.00"
2026-06-24,437,2026062405013810,SPHL,6,74,10,580.00,"5,800.00"
2026-06-24,438,2026062405013809,SPHL,6,49,10,580.00,"5,800.00"
2026-06-24,439,2026062405013723,SPHL,58,87,491,579.50,"284,534.50"
2026-06-24,440,2026062405013722,SPHL,58,17,200,579.10,"115,820.00"
2026-06-24,441,2026062405014038,SPL,42,57,80,679.00,"54,320.00"
2026-06-24,442,2026062405014181,TAMOR,13,43,10,444.70,"4,447.00"
2026-06-24,443,2026062405014114,TAMOR,49,36,200,443.90,"88,780.00"
2026-06-24,444,2026062405013962,TAMOR,59,43,20,443.10,"8,862.00"
2026-06-24,445,2026062405013885,TAMOR,67,32,440,443.20,"195,008.00"
2026-06-24,446,2026062405013884,TAMOR,41,32,60,444.00,"26,640.00"
2026-06-24,447,2026062405013739,TAMOR,41,43,20,444.00,"8,880.00"
2026-06-24,448,2026062405013718,TAMOR,41,32,100,444.00,"44,400.00"
2026-06-24,449,2026062405014129,TPC,42,68,250,358.00,"89,500.00"
2026-06-24,450,2026062405013730,TSHL,36,45,15,503.00,"7,545.00"
2026-06-24,451,2026062405014157,UHEWA,48,34,418,620.00,"259,160.00"
2026-06-24,452,2026062405014156,UHEWA,48,26,23,620.00,"14,260.00"
2026-06-24,453,2026062405014155,UHEWA,48,58,11,620.00,"6,820.00"
2026-06-24,454,2026062405014154,UHEWA,48,90,10,620.00,"6,200.00"
2026-06-24,455,2026062405014153,UHEWA,48,33,538,619.00,"333,022.00"
2026-06-24,456,2026062405014093,UHEWA,48,33,62,619.00,"38,378.00"
2026-06-24,457,2026062405013724,UHEWA,84,49,11,610.00,"6,710.00"
2026-06-24,458,2026062405014074,UHEWA,48,53,979,610.00,"597,190.00"
2026-06-24,459,2026062405014002,UHEWA,63,53,10,610.00,"6,100.00"
2026-06-24,460,2026062405013806,UHEWA,84,53,11,610.00,"6,710.00"
2026-06-24,461,2026062405013783,UHEWA,57,48,150,608.10,"91,215.00"
2026-06-24,462,2026062405013782,UHEWA,51,48,100,609.00,"60,900.00"
2026-06-24,463,2026062405013781,UHEWA,60,48,500,609.00,"304,500.00"
2026-06-24,464,2026062405014080,UHEWA,48,13,90,613.00,"55,170.00"
2026-06-24,465,2026062405014079,UHEWA,48,36,400,612.00,"244,800.00"
2026-06-24,466,2026062405014078,UHEWA,48,48,10,612.00,"6,120.00"
2026-06-24,467,2026062405014077,UHEWA,48,41,100,611.90,"61,190.00"
2026-06-24,468,2026062405014076,UHEWA,48,25,600,610.00,"366,000.00"
2026-06-24,469,2026062405014075,UHEWA,48,49,92,610.00,"56,120.00"
2026-06-24,470,2026062405014086,UHEWA,48,44,141,615.00,"86,715.00"
2026-06-24,471,2026062405014085,UHEWA,48,66,80,615.00,"49,200.00"
2026-06-24,472,2026062405014084,UHEWA,48,63,160,615.00,"98,400.00"
2026-06-24,473,2026062405014083,UHEWA,48,58,10,615.00,"6,150.00"
2026-06-24,474,2026062405014082,UHEWA,48,38,11,614.00,"6,754.00"
2026-06-24,475,2026062405014081,UHEWA,48,52,290,614.00,"178,060.00"
2026-06-24,476,2026062405014092,UHEWA,48,64,200,619.00,"123,800.00"
2026-06-24,477,2026062405014091,UHEWA,48,80,200,618.00,"123,600.00"
2026-06-24,478,2026062405014090,UHEWA,48,49,25,617.80,"15,445.00"
2026-06-24,479,2026062405014089,UHEWA,48,32,250,616.00,"154,000.00"
2026-06-24,480,2026062405014088,UHEWA,48,53,"1,000",615.00,"615,000.00"
2026-06-24,481,2026062405014087,UHEWA,48,36,300,615.00,"184,500.00"
2026-06-24,482,2026062405014138,ULHC,58,77,100,414.00,"41,400.00"
2026-06-24,483,2026062405014020,ULHC,58,58,10,415.00,"4,150.00"
2026-06-24,484,2026062405014015,ULHC,58,48,200,412.00,"82,400.00"
2026-06-24,485,2026062405014014,ULHC,58,34,100,411.90,"41,190.00"
2026-06-24,486,2026062405014013,ULHC,58,33,300,411.90,"123,570.00"
2026-06-24,487,2026062405014012,ULHC,58,58,400,410.00,"164,000.00"
2026-06-24,488,2026062405013970,ULHC,56,58,10,410.00,"4,100.00"
2026-06-24,489,2026062405013871,ULHC,33,77,200,408.00,"81,600.00"
2026-06-24,490,2026062405014007,USHL,38,64,89,564.00,"50,196.00"
2026-06-24,491,2026062405013947,USHL,38,52,82,560.00,"45,920.00"
2026-06-24,492,2026062405013946,USHL,32,52,15,560.00,"8,400.00"
2026-06-24,493,2026062405013945,USHL,22,52,17,561.00,"9,537.00"
2026-06-24,494,2026062405013768,USHL,38,58,24,561.20,"13,468.80"
2026-06-24,495,2026062405014200,VLUCL,16,34,10,473.00,"4,730.00"
2026-06-24,496,2026062405014199,VLUCL,16,17,10,472.00,"4,720.00"
2026-06-24,497,2026062405014198,VLUCL,16,21,10,471.00,"4,710.00"
2026-06-24,498,2026062405014197,VLUCL,16,10,10,470.00,"4,700.00"
2026-06-24,499,2026062405014183,VLUCL,35,57,70,470.00,"32,900.00"
2026-06-24,500,2026062405014182,VLUCL,35,39,30,470.00,"14,100.00"
