date,#,Transact. No.,Symbol,Buyer,Seller,Quantity,Rate,Amount
2026-06-09,1,2026060905016767,AHL,58,47,10,489.00,"4,890.00"
2026-06-09,2,2026060905016633,AHL,49,34,10,488.00,"4,880.00"
2026-06-09,3,2026060905016604,AHL,60,47,10,489.00,"4,890.00"
2026-06-09,4,2026060905016775,BBC,58,38,10,"4,370.00","43,700.00"
2026-06-09,5,2026060905016774,BBC,58,37,10,"4,350.00","43,500.00"
2026-06-09,6,2026060905016344,BBC,35,37,10,"4,350.00","43,500.00"
2026-06-09,7,2026060905016342,BEDC,81,6,50,358.80,"17,940.00"
2026-06-09,8,2026060905016408,BGWT,47,49,10,653.50,"6,535.00"
2026-06-09,9,2026060905016655,BHDC,57,22,100,455.00,"45,500.00"
2026-06-09,10,2026060905016654,BHDC,35,22,"1,000",455.00,"455,000.00"
2026-06-09,11,2026060905016653,BHDC,41,22,45,455.00,"20,475.00"
2026-06-09,12,2026060905016652,BHDC,53,22,100,455.00,"45,500.00"
2026-06-09,13,2026060905016651,BHDC,54,22,100,455.10,"45,510.00"
2026-06-09,14,2026060905016650,BHDC,80,22,200,456.00,"91,200.00"
2026-06-09,15,2026060905016505,BHDC,57,22,40,458.90,"18,356.00"
2026-06-09,16,2026060905016343,BHDC,25,49,20,458.50,"9,170.00"
2026-06-09,17,2026060905016632,BHL,53,45,300,216.00,"64,800.00"
2026-06-09,18,2026060905016631,BHL,53,51,190,216.00,"41,040.00"
2026-06-09,19,2026060905016603,BHL,48,51,10,216.00,"2,160.00"
2026-06-09,20,2026060905016536,BHL,53,48,10,215.40,"2,154.00"
2026-06-09,21,2026060905016483,BHL,33,44,20,215.30,"4,306.00"
2026-06-09,22,2026060905016467,BHL,33,58,25,215.30,"5,382.50"
2026-06-09,23,2026060905016443,BHL,62,35,242,216.00,"52,272.00"
2026-06-09,24,2026060905016442,BHL,62,8,758,216.00,"163,728.00"
2026-06-09,25,2026060905016388,BHL,19,62,50,215.40,"10,770.00"
2026-06-09,26,2026060905016617,BHPL,34,39,10,539.70,"5,397.00"
2026-06-09,27,2026060905016587,BHPL,34,44,300,537.80,"161,340.00"
2026-06-09,28,2026060905016572,BHPL,34,43,20,537.70,"10,754.00"
2026-06-09,29,2026060905016513,BHPL,34,43,29,537.70,"15,593.30"
2026-06-09,30,2026060905016512,BHPL,34,34,100,537.30,"53,730.00"
2026-06-09,31,2026060905016511,BHPL,34,34,100,535.90,"53,590.00"
2026-06-09,32,2026060905016370,BHPL,42,60,500,525.30,"262,650.00"
2026-06-09,33,2026060905016376,BHPL,34,60,357,524.30,"187,175.10"
2026-06-09,34,2026060905016375,BHPL,45,60,10,525.00,"5,250.00"
2026-06-09,35,2026060905016374,BHPL,48,60,200,525.00,"105,000.00"
2026-06-09,36,2026060905016373,BHPL,42,60,400,525.10,"210,040.00"
2026-06-09,37,2026060905016372,BHPL,49,60,231,525.10,"121,298.10"
2026-06-09,38,2026060905016371,BHPL,41,60,500,525.20,"262,600.00"
2026-06-09,39,2026060905016510,BHPL,34,39,30,535.00,"16,050.00"
2026-06-09,40,2026060905016509,BHPL,34,29,50,535.00,"26,750.00"
2026-06-09,41,2026060905016508,BHPL,34,21,10,535.00,"5,350.00"
2026-06-09,42,2026060905016507,BHPL,34,38,170,534.90,"90,933.00"
2026-06-09,43,2026060905016506,BHPL,34,22,11,534.80,"5,882.80"
2026-06-09,44,2026060905016449,BHPL,34,22,10,534.80,"5,348.00"
2026-06-09,45,2026060905016615,BNHC,70,32,300,324.00,"97,200.00"
2026-06-09,46,2026060905016500,BNHC,49,14,100,324.20,"32,420.00"
2026-06-09,47,2026060905016426,BNHC,70,32,300,324.00,"97,200.00"
2026-06-09,48,2026060905016383,CHDC,69,3,12,"2,260.00","27,120.00"
2026-06-09,49,2026060905016708,CIT,48,41,200,"1,747.00","349,400.00"
2026-06-09,50,2026060905016622,CIT,38,13,25,"1,747.10","43,677.50"
2026-06-09,51,2026060905016621,CIT,51,13,10,"1,748.00","17,480.00"
2026-06-09,52,2026060905016620,CIT,56,13,35,"1,748.00","61,180.00"
2026-06-09,53,2026060905016619,CIT,94,13,10,"1,749.00","17,490.00"
2026-06-09,54,2026060905016531,CIT,43,57,6,"1,748.00","10,488.00"
2026-06-09,55,2026060905016440,CIT,26,13,20,"1,749.90","34,998.00"
2026-06-09,56,2026060905016664,CKHL,49,32,10,647.50,"6,475.00"
2026-06-09,57,2026060905016663,CKHL,7,32,25,648.00,"16,200.00"
2026-06-09,58,2026060905016501,CKHL,49,58,10,647.50,"6,475.00"
2026-06-09,59,2026060905016527,CLI,42,46,13,455.50,"5,921.50"
2026-06-09,60,2026060905016691,DOLTI,39,43,100,352.00,"35,200.00"
2026-06-09,61,2026060905016690,DOLTI,39,6,144,352.00,"50,688.00"
2026-06-09,62,2026060905016689,DOLTI,39,42,320,352.00,"112,640.00"
2026-06-09,63,2026060905016688,DOLTI,39,58,50,352.00,"17,600.00"
2026-06-09,64,2026060905016687,DOLTI,39,34,500,352.00,"176,000.00"
2026-06-09,65,2026060905016686,DOLTI,39,28,500,351.80,"175,900.00"
2026-06-09,66,2026060905016398,DOLTI,36,74,160,348.30,"55,728.00"
2026-06-09,67,2026060905016679,DOLTI,39,21,200,349.00,"69,800.00"
2026-06-09,68,2026060905016661,DOLTI,28,85,200,348.50,"69,700.00"
2026-06-09,69,2026060905016571,DOLTI,52,21,200,348.40,"69,680.00"
2026-06-09,70,2026060905016504,DOLTI,39,85,650,348.30,"226,395.00"
2026-06-09,71,2026060905016503,DOLTI,43,85,50,348.40,"17,420.00"
2026-06-09,72,2026060905016399,DOLTI,39,74,840,348.30,"292,572.00"
2026-06-09,73,2026060905016685,DOLTI,39,38,144,351.80,"50,659.20"
2026-06-09,74,2026060905016684,DOLTI,39,41,970,351.00,"340,470.00"
2026-06-09,75,2026060905016683,DOLTI,39,48,250,350.00,"87,500.00"
2026-06-09,76,2026060905016682,DOLTI,39,14,140,349.80,"48,972.00"
2026-06-09,77,2026060905016681,DOLTI,39,17,150,349.70,"52,455.00"
2026-06-09,78,2026060905016680,DOLTI,39,34,10,349.70,"3,497.00"
2026-06-09,79,2026060905016639,DORDI,36,58,88,271.00,"23,848.00"
2026-06-09,80,2026060905016547,DORDI,74,56,450,270.70,"121,815.00"
2026-06-09,81,2026060905016834,ENL,44,39,10,879.90,"8,799.00"
2026-06-09,82,2026060905016707,GCIL,63,18,10,415.00,"4,150.00"
2026-06-09,83,2026060905016706,GCIL,34,18,18,415.00,"7,470.00"
2026-06-09,84,2026060905016495,GCIL,32,26,10,417.70,"4,177.00"
2026-06-09,85,2026060905016427,GCIL,35,58,12,414.60,"4,975.20"
2026-06-09,86,2026060905016582,GCIL,34,26,50,415.00,"20,750.00"
2026-06-09,87,2026060905016765,GVL,38,50,10,492.90,"4,929.00"
2026-06-09,88,2026060905016730,GVL,28,47,300,490.00,"147,000.00"
2026-06-09,89,2026060905016646,GVL,28,60,512,490.00,"250,880.00"
2026-06-09,90,2026060905016645,GVL,11,60,20,490.00,"9,800.00"
2026-06-09,91,2026060905016644,GVL,32,60,10,490.00,"4,900.00"
2026-06-09,92,2026060905016643,GVL,69,60,389,490.00,"190,610.00"
2026-06-09,93,2026060905016642,GVL,97,60,50,490.10,"24,505.00"
2026-06-09,94,2026060905016641,GVL,58,60,19,490.10,"9,311.90"
2026-06-09,95,2026060905016616,HATHY,44,58,2,770.10,"1,540.20"
2026-06-09,96,2026060905016468,HATHY,44,48,2,756.60,"1,513.20"
2026-06-09,97,2026060905016425,HATHY,44,49,12,773.10,"9,277.20"
2026-06-09,98,2026060905016697,HDL,4,58,24,"1,162.00","27,888.00"
2026-06-09,99,2026060905016696,HDL,4,26,31,"1,162.00","36,022.00"
2026-06-09,100,2026060905016488,HDL,62,26,49,"1,162.10","56,942.90"
2026-06-09,101,2026060905016419,HDL,58,42,110,"1,160.00","127,600.00"
2026-06-09,102,2026060905016418,HDL,33,42,390,"1,162.00","453,180.00"
2026-06-09,103,2026060905016618,HDL,26,26,97,"1,162.00","112,714.00"
2026-06-09,104,2026060905016613,HDL,45,26,10,"1,162.00","11,620.00"
2026-06-09,105,2026060905016540,HDL,36,26,13,"1,162.00","15,106.00"
2026-06-09,106,2026060905016794,HHL,84,58,10,359.00,"3,590.00"
2026-06-09,107,2026060905016759,HHL,52,4,30,358.90,"10,767.00"
2026-06-09,108,2026060905016733,HHL,38,45,100,355.00,"35,500.00"
2026-06-09,109,2026060905016671,HHL,52,4,10,358.90,"3,589.00"
2026-06-09,110,2026060905016481,HHL,38,48,10,355.00,"3,550.00"
2026-06-09,111,2026060905016466,HHL,38,96,90,355.00,"31,950.00"
2026-06-09,112,2026060905016385,HHL,19,52,90,356.00,"32,040.00"
2026-06-09,113,2026060905016384,HHL,41,52,10,356.10,"3,561.00"
2026-06-09,114,2026060905016465,HHL,38,96,500,355.10,"177,550.00"
2026-06-09,115,2026060905016464,HHL,16,96,200,356.00,"71,200.00"
2026-06-09,116,2026060905016463,HHL,19,96,210,356.00,"74,760.00"
2026-06-09,117,2026060905016402,HHL,65,4,60,358.90,"21,534.00"
2026-06-09,118,2026060905016401,HHL,65,5,40,358.80,"14,352.00"
2026-06-09,119,2026060905016808,HIDCL,58,42,11,264.50,"2,909.50"
2026-06-09,120,2026060905016807,HIDCL,58,34,20,264.50,"5,290.00"
2026-06-09,121,2026060905016806,HIDCL,58,25,200,264.40,"52,880.00"
2026-06-09,122,2026060905016805,HIDCL,58,35,25,264.40,"6,610.00"
2026-06-09,123,2026060905016804,HIDCL,58,48,200,264.40,"52,880.00"
2026-06-09,124,2026060905016803,HIDCL,58,48,50,264.00,"13,200.00"
2026-06-09,125,2026060905016502,HIDCL,57,34,200,262.00,"52,400.00"
2026-06-09,126,2026060905016421,HIDCL,32,33,10,263.90,"2,639.00"
2026-06-09,127,2026060905016362,HIDCL,57,7,170,262.00,"44,540.00"
2026-06-09,128,2026060905016776,HIDCL,81,34,20,263.00,"5,260.00"
2026-06-09,129,2026060905016711,HIDCL,17,58,60,263.80,"15,828.00"
2026-06-09,130,2026060905016710,HIDCL,17,45,150,263.00,"39,450.00"
2026-06-09,131,2026060905016659,HIDCL,32,45,10,263.00,"2,630.00"
2026-06-09,132,2026060905016623,HIDCL,57,57,18,262.00,"4,716.00"
2026-06-09,133,2026060905016570,HIDCL,58,58,10,263.80,"2,638.00"
2026-06-09,134,2026060905016802,HIDCL,58,28,500,263.90,"131,950.00"
2026-06-09,135,2026060905016801,HIDCL,58,33,470,263.90,"124,033.00"
2026-06-09,136,2026060905016800,HIDCL,58,58,24,263.80,"6,331.20"
2026-06-09,137,2026060905016795,HIDCL,53,58,10,263.80,"2,638.00"
2026-06-09,138,2026060905016778,HIDCL,64,34,476,262.10,"124,759.60"
2026-06-09,139,2026060905016777,HIDCL,44,34,504,262.10,"132,098.40"
2026-06-09,140,2026060905016764,HRL,39,58,10,646.00,"6,460.00"
2026-06-09,141,2026060905016726,HRL,14,33,37,645.00,"23,865.00"
2026-06-09,142,2026060905016725,HRL,38,33,10,645.00,"6,450.00"
2026-06-09,143,2026060905016724,HRL,1,33,100,645.00,"64,500.00"
2026-06-09,144,2026060905016723,HRL,1,33,100,645.00,"64,500.00"
2026-06-09,145,2026060905016722,HRL,45,33,10,645.00,"6,450.00"
2026-06-09,146,2026060905016472,HRL,5,58,10,645.10,"6,451.00"
2026-06-09,147,2026060905016471,HRL,36,74,20,646.00,"12,920.00"
2026-06-09,148,2026060905016424,HRL,5,58,30,645.10,"19,353.00"
2026-06-09,149,2026060905016387,HRL,35,74,100,646.00,"64,600.00"
2026-06-09,150,2026060905016363,HRL,14,74,15,646.00,"9,690.00"
2026-06-09,151,2026060905016351,HRL,5,42,10,645.10,"6,451.00"
2026-06-09,152,2026060905016532,HRL,58,14,10,646.00,"6,460.00"
2026-06-09,153,2026060905016530,HRL,50,14,14,646.00,"9,044.00"
2026-06-09,154,2026060905016529,HRL,50,74,36,646.00,"23,256.00"
2026-06-09,155,2026060905016526,HRL,5,49,10,645.10,"6,451.00"
2026-06-09,156,2026060905016484,HRL,5,63,55,645.10,"35,480.50"
2026-06-09,157,2026060905016480,HRL,5,7,10,645.10,"6,451.00"
2026-06-09,158,2026060905016715,HRL,62,33,259,646.00,"167,314.00"
2026-06-09,159,2026060905016657,HRL,62,58,10,646.00,"6,460.00"
2026-06-09,160,2026060905016636,HRL,62,34,231,646.00,"149,226.00"
2026-06-09,161,2026060905016544,HRL,50,34,60,646.00,"38,760.00"
2026-06-09,162,2026060905016537,HRL,50,14,226,646.00,"145,996.00"
2026-06-09,163,2026060905016721,HRL,42,33,35,645.00,"22,575.00"
2026-06-09,164,2026060905016720,HRL,1,33,204,645.00,"131,580.00"
2026-06-09,165,2026060905016719,HRL,5,33,45,645.10,"29,029.50"
2026-06-09,166,2026060905016718,HRL,36,33,50,645.20,"32,260.00"
2026-06-09,167,2026060905016717,HRL,26,33,30,646.00,"19,380.00"
2026-06-09,168,2026060905016716,HRL,42,33,20,646.00,"12,920.00"
2026-06-09,169,2026060905016788,IHL,52,42,15,400.00,"6,000.00"
2026-06-09,170,2026060905016763,IHL,35,58,10,398.20,"3,982.00"
2026-06-09,171,2026060905016701,IHL,45,42,10,400.00,"4,000.00"
2026-06-09,172,2026060905016700,IHL,58,42,40,400.00,"16,000.00"
2026-06-09,173,2026060905016699,IHL,38,42,200,401.10,"80,220.00"
2026-06-09,174,2026060905016420,IHL,58,58,10,400.00,"4,000.00"
2026-06-09,175,2026060905016413,IHL,74,36,100,400.00,"40,000.00"
2026-06-09,176,2026060905016357,IHL,45,46,10,405.00,"4,050.00"
2026-06-09,177,2026060905016787,ILI,16,58,12,435.00,"5,220.00"
2026-06-09,178,2026060905016557,ILI,56,14,436,433.20,"188,875.20"
2026-06-09,179,2026060905016556,ILI,32,14,50,433.50,"21,675.00"
2026-06-09,180,2026060905016555,ILI,6,14,100,433.70,"43,370.00"
2026-06-09,181,2026060905016554,ILI,58,14,10,433.70,"4,337.00"
2026-06-09,182,2026060905016553,ILI,58,14,10,433.80,"4,338.00"
2026-06-09,183,2026060905016432,ILI,57,48,12,434.00,"5,208.00"
2026-06-09,184,2026060905016431,ILI,58,32,1,434.00,434.00
2026-06-09,185,2026060905016400,ILI,57,46,12,434.00,"5,208.00"
2026-06-09,186,2026060905016353,ILI,57,49,46,434.00,"19,964.00"
2026-06-09,187,2026060905016552,ILI,89,14,188,433.80,"81,554.40"
2026-06-09,188,2026060905016551,ILI,57,14,30,434.00,"13,020.00"
2026-06-09,189,2026060905016550,ILI,49,14,26,434.80,"11,304.80"
2026-06-09,190,2026060905016549,ILI,81,14,50,435.00,"21,750.00"
2026-06-09,191,2026060905016499,ILI,29,45,10,435.00,"4,350.00"
2026-06-09,192,2026060905016482,ILI,49,53,12,434.80,"5,217.60"
2026-06-09,193,2026060905016732,KDBY,49,58,100,11.25,"1,125.00"
2026-06-09,194,2026060905016386,MAKAR,57,42,10,495.00,"4,950.00"
2026-06-09,195,2026060905016766,MBJC,89,35,81,283.00,"22,923.00"
2026-06-09,196,2026060905016756,MBJC,57,35,290,283.00,"82,070.00"
2026-06-09,197,2026060905016729,MBJC,38,35,50,283.00,"14,150.00"
2026-06-09,198,2026060905016728,MBJC,74,35,419,283.80,"118,912.20"
2026-06-09,199,2026060905016727,MBJC,42,35,160,284.00,"45,440.00"
2026-06-09,200,2026060905016462,MBJC,74,57,50,283.80,"14,190.00"
2026-06-09,201,2026060905016460,MBJC,89,13,180,284.00,"51,120.00"
2026-06-09,202,2026060905016459,MBJC,89,21,70,284.00,"19,880.00"
2026-06-09,203,2026060905016458,MBJC,89,58,10,284.00,"2,840.00"
2026-06-09,204,2026060905016457,MBJC,89,57,40,283.90,"11,356.00"
2026-06-09,205,2026060905016625,MBJC,42,13,30,284.00,"8,520.00"
2026-06-09,206,2026060905016624,MBJC,42,45,10,283.90,"2,839.00"
2026-06-09,207,2026060905016573,MBJC,89,13,200,284.00,"56,800.00"
2026-06-09,208,2026060905016568,MBJC,74,48,10,283.80,"2,838.00"
2026-06-09,209,2026060905016543,MBJC,89,13,200,284.00,"56,800.00"
2026-06-09,210,2026060905016491,MBJC,89,13,190,284.00,"53,960.00"
2026-06-09,211,2026060905016525,MEHL,36,45,10,368.70,"3,687.00"
2026-06-09,212,2026060905016470,MEHL,63,63,835,376.00,"313,960.00"
2026-06-09,213,2026060905016534,MEL,4,45,372,239.00,"88,908.00"
2026-06-09,214,2026060905016574,MHCL,58,21,10,352.00,"3,520.00"
2026-06-09,215,2026060905016422,MHCL,32,58,10,349.00,"3,490.00"
2026-06-09,216,2026060905016799,MHL,29,16,10,497.50,"4,975.00"
2026-06-09,217,2026060905016738,MKHC,52,8,68,315.00,"21,420.00"
2026-06-09,218,2026060905016737,MKHC,5,8,100,315.00,"31,500.00"
2026-06-09,219,2026060905016736,MKHC,28,8,300,315.00,"94,500.00"
2026-06-09,220,2026060905016735,MKHC,57,8,237,316.00,"74,892.00"
2026-06-09,221,2026060905016734,MKHC,13,8,160,316.10,"50,576.00"
2026-06-09,222,2026060905016453,MKHC,18,8,500,316.10,"158,050.00"
2026-06-09,223,2026060905016452,MKHC,57,8,20,316.20,"6,324.00"
2026-06-09,224,2026060905016451,MKHC,48,8,19,317.00,"6,023.00"
2026-06-09,225,2026060905016450,MKHC,58,8,40,318.00,"12,720.00"
2026-06-09,226,2026060905016378,MKHC,58,35,10,318.00,"3,180.00"
2026-06-09,227,2026060905016498,MKHC,48,8,200,318.50,"63,700.00"
2026-06-09,228,2026060905016490,MKHC,57,8,500,316.00,"158,000.00"
2026-06-09,229,2026060905016489,MKHC,57,56,10,316.00,"3,160.00"
2026-06-09,230,2026060905016456,MKHC,57,8,253,316.00,"79,948.00"
2026-06-09,231,2026060905016455,MKHC,41,8,68,316.00,"21,488.00"
2026-06-09,232,2026060905016454,MKHC,51,8,100,316.00,"31,600.00"
2026-06-09,233,2026060905016747,MKHL,41,22,10,510.90,"5,109.00"
2026-06-09,234,2026060905016712,MKHL,44,56,20,505.10,"10,102.00"
2026-06-09,235,2026060905016341,MKHL,48,56,10,510.00,"5,100.00"
2026-06-09,236,2026060905016541,MMF1,48,56,100,9.41,941.00
2026-06-09,237,2026060905016403,MMKJL,22,13,40,509.00,"20,360.00"
2026-06-09,238,2026060905016377,MMKJL,45,35,10,510.00,"5,100.00"
2026-06-09,239,2026060905016361,MMKJL,22,48,10,509.00,"5,090.00"
2026-06-09,240,2026060905016630,NIFRA,34,8,409,261.10,"106,789.90"
2026-06-09,241,2026060905016629,NIFRA,59,8,500,261.20,"130,600.00"
2026-06-09,242,2026060905016628,NIFRA,19,8,"1,000",261.20,"261,200.00"
2026-06-09,243,2026060905016627,NIFRA,45,8,91,261.20,"23,769.20"
2026-06-09,244,2026060905016626,NIFRA,58,8,500,261.30,"130,650.00"
2026-06-09,245,2026060905016441,NIFRA,34,50,"1,000",262.50,"262,500.00"
2026-06-09,246,2026060905016746,NRIC,85,34,275,"1,056.90","290,647.50"
2026-06-09,247,2026060905016745,NRIC,85,29,50,"1,056.00","52,800.00"
2026-06-09,248,2026060905016744,NRIC,85,59,25,"1,056.00","26,400.00"
2026-06-09,249,2026060905016743,NRIC,85,45,600,"1,055.00","633,000.00"
2026-06-09,250,2026060905016742,NRIC,85,57,50,"1,055.00","52,750.00"
2026-06-09,251,2026060905016705,NRIC,43,70,150,"1,051.30","157,695.00"
2026-06-09,252,2026060905016367,NRIC,58,21,100,"1,050.10","105,010.00"
2026-06-09,253,2026060905016366,NRIC,48,21,100,"1,050.30","105,030.00"
2026-06-09,254,2026060905016365,NRIC,47,21,100,"1,052.00","105,200.00"
2026-06-09,255,2026060905016364,NRIC,56,21,50,"1,054.00","52,700.00"
2026-06-09,256,2026060905016359,NRIC,47,28,16,"1,058.00","16,928.00"
2026-06-09,257,2026060905016358,NRIC,47,66,484,"1,058.00","512,072.00"
2026-06-09,258,2026060905016428,NRIC,58,33,10,"1,057.00","10,570.00"
2026-06-09,259,2026060905016406,NRIC,51,48,90,"1,050.00","94,500.00"
2026-06-09,260,2026060905016405,NRIC,41,48,10,"1,050.00","10,500.00"
2026-06-09,261,2026060905016404,NRIC,58,48,150,"1,050.00","157,500.00"
2026-06-09,262,2026060905016369,NRIC,58,21,350,"1,050.00","367,500.00"
2026-06-09,263,2026060905016368,NRIC,43,21,300,"1,050.10","315,030.00"
2026-06-09,264,2026060905016563,NRIC,28,28,695,"1,053.00","731,835.00"
2026-06-09,265,2026060905016562,NRIC,53,28,450,"1,053.00","473,850.00"
2026-06-09,266,2026060905016561,NRIC,74,28,400,"1,053.10","421,240.00"
2026-06-09,267,2026060905016560,NRIC,47,28,250,"1,054.00","263,500.00"
2026-06-09,268,2026060905016559,NRIC,1,28,50,"1,054.00","52,700.00"
2026-06-09,269,2026060905016514,NRIC,32,33,20,"1,057.00","21,140.00"
2026-06-09,270,2026060905016609,NRIC,65,35,55,"1,052.00","57,860.00"
2026-06-09,271,2026060905016608,NRIC,45,35,10,"1,054.00","10,540.00"
2026-06-09,272,2026060905016605,NRIC,37,34,20,"1,056.90","21,138.00"
2026-06-09,273,2026060905016566,NRIC,65,28,45,"1,052.00","47,340.00"
2026-06-09,274,2026060905016565,NRIC,34,28,100,"1,052.00","105,200.00"
2026-06-09,275,2026060905016564,NRIC,58,28,10,"1,053.00","10,530.00"
2026-06-09,276,2026060905016704,NRIC,22,70,50,"1,051.40","52,570.00"
2026-06-09,277,2026060905016665,NRIC,3,57,50,"1,055.00","52,750.00"
2026-06-09,278,2026060905016660,NRIC,58,1,10,"1,052.00","10,520.00"
2026-06-09,279,2026060905016612,NRIC,58,70,975,"1,051.00","1,024,725.00"
2026-06-09,280,2026060905016611,NRIC,39,70,25,"1,051.10","26,277.50"
2026-06-09,281,2026060905016610,NRIC,39,35,75,"1,051.10","78,832.50"
2026-06-09,282,2026060905016751,NRM,58,4,10,359.00,"3,590.00"
2026-06-09,283,2026060905016750,NRM,58,21,10,358.00,"3,580.00"
2026-06-09,284,2026060905016614,NRM,34,7,10,356.20,"3,562.00"
2026-06-09,285,2026060905016545,NRM,34,58,10,356.20,"3,562.00"
2026-06-09,286,2026060905016417,NRM,74,21,190,358.00,"68,020.00"
2026-06-09,287,2026060905016416,NRM,74,45,10,358.00,"3,580.00"
2026-06-09,288,2026060905016412,NRM,58,42,10,356.10,"3,561.00"
2026-06-09,289,2026060905016790,NRN,13,100,100,"1,362.20","136,220.00"
2026-06-09,290,2026060905016789,NRN,4,32,10,"1,366.90","13,669.00"
2026-06-09,291,2026060905016415,NRN,16,41,20,"1,360.40","27,208.00"
2026-06-09,292,2026060905016397,NRN,14,44,40,"1,360.30","54,412.00"
2026-06-09,293,2026060905016340,NRN,38,45,1,"1,330.00","1,330.00"
2026-06-09,294,2026060905016538,NRN,14,41,10,"1,360.30","13,603.00"
2026-06-09,295,2026060905016638,NRN,40,65,170,"1,362.00","231,540.00"
2026-06-09,296,2026060905016589,NRN,14,38,20,"1,360.30","27,206.00"
2026-06-09,297,2026060905016780,NTC,26,43,10,850.70,"8,507.00"
2026-06-09,298,2026060905016668,NTC,47,43,60,850.70,"51,042.00"
2026-06-09,299,2026060905016528,NTC,58,43,24,850.70,"20,416.80"
2026-06-09,300,2026060905016473,NTC,54,43,150,850.70,"127,605.00"
2026-06-09,301,2026060905016433,NTC,26,43,10,850.70,"8,507.00"
2026-06-09,302,2026060905016414,NTC,32,43,30,850.70,"25,521.00"
2026-06-09,303,2026060905016355,NTC,7,43,117,850.70,"99,531.90"
2026-06-09,304,2026060905016837,NYADI,41,49,10,404.00,"4,040.00"
2026-06-09,305,2026060905016667,PHCL,39,66,419,308.00,"129,052.00"
2026-06-09,306,2026060905016666,PHCL,39,70,204,308.00,"62,832.00"
2026-06-09,307,2026060905016479,PHCL,85,70,246,308.00,"75,768.00"
2026-06-09,308,2026060905016478,PHCL,85,35,250,308.00,"77,000.00"
2026-06-09,309,2026060905016477,PHCL,85,57,464,308.00,"142,912.00"
2026-06-09,310,2026060905016476,PHCL,85,50,40,307.60,"12,304.00"
2026-06-09,311,2026060905016430,PHCL,42,50,10,307.60,"3,076.00"
2026-06-09,312,2026060905016411,PHCL,21,57,236,308.00,"72,688.00"
2026-06-09,313,2026060905016410,PHCL,21,26,94,308.00,"28,952.00"
2026-06-09,314,2026060905016797,PPL,34,11,10,349.60,"3,496.00"
2026-06-09,315,2026060905016796,PPL,34,22,50,348.00,"17,400.00"
2026-06-09,316,2026060905016590,PPL,35,74,75,348.00,"26,100.00"
2026-06-09,317,2026060905016486,PPL,5,74,20,348.00,"6,960.00"
2026-06-09,318,2026060905016485,PPL,5,17,30,348.00,"10,440.00"
2026-06-09,319,2026060905016695,RFPL,17,45,200,362.00,"72,400.00"
2026-06-09,320,2026060905016694,RFPL,10,45,100,362.00,"36,200.00"
2026-06-09,321,2026060905016693,RFPL,45,45,308,362.00,"111,496.00"
2026-06-09,322,2026060905016692,RFPL,34,45,34,362.90,"12,338.60"
2026-06-09,323,2026060905016670,RFPL,34,49,66,362.90,"23,951.40"
2026-06-09,324,2026060905016575,RFPL,45,49,100,362.00,"36,200.00"
2026-06-09,325,2026060905016469,RFPL,35,49,34,362.90,"12,338.60"
2026-06-09,326,2026060905016761,RHGCL,61,49,10,288.50,"2,885.00"
2026-06-09,327,2026060905016698,RHGCL,70,11,20,288.20,"5,764.00"
2026-06-09,328,2026060905016672,RHGCL,42,39,20,285.50,"5,710.00"
2026-06-09,329,2026060905016546,RMF1,7,49,"1,000",9.90,"9,900.00"
2026-06-09,330,2026060905016838,RNLI,43,58,10,469.00,"4,690.00"
2026-06-09,331,2026060905016754,RNLI,43,21,10,468.00,"4,680.00"
2026-06-09,332,2026060905016702,RNLI,43,36,10,467.00,"4,670.00"
2026-06-09,333,2026060905016524,RNLI,38,58,12,466.20,"5,594.40"
2026-06-09,334,2026060905016461,RNLI,38,46,12,466.20,"5,594.40"
2026-06-09,335,2026060905016350,RNLI,16,38,12,466.40,"5,596.80"
2026-06-09,336,2026060905016349,RNLI,17,44,29,467.00,"13,543.00"
2026-06-09,337,2026060905016348,RNLI,51,44,110,467.00,"51,370.00"
2026-06-09,338,2026060905016347,RNLI,57,44,30,467.00,"14,010.00"
2026-06-09,339,2026060905016346,RNLI,49,44,92,467.00,"42,964.00"
2026-06-09,340,2026060905016678,SAHAS,34,14,"3,191",661.10,"2,109,570.10"
2026-06-09,341,2026060905016677,SAHAS,6,14,"1,000",661.40,"661,400.00"
2026-06-09,342,2026060905016676,SAHAS,57,14,225,661.60,"148,860.00"
2026-06-09,343,2026060905016675,SAHAS,49,14,22,661.60,"14,555.20"
2026-06-09,344,2026060905016674,SAHAS,20,14,917,661.60,"606,687.20"
2026-06-09,345,2026060905016673,SAHAS,4,14,145,661.70,"95,946.50"
2026-06-09,346,2026060905016390,SAHAS,38,14,477,662.10,"315,821.70"
2026-06-09,347,2026060905016360,SAHAS,45,86,15,663.00,"9,945.00"
2026-06-09,348,2026060905016434,SAHAS,78,37,267,661.80,"176,700.60"
2026-06-09,349,2026060905016395,SAHAS,78,14,733,661.80,"485,099.40"
2026-06-09,350,2026060905016394,SAHAS,42,14,100,661.90,"66,190.00"
2026-06-09,351,2026060905016393,SAHAS,34,14,"2,100",661.90,"1,389,990.00"
2026-06-09,352,2026060905016392,SAHAS,38,14,50,662.00,"33,100.00"
2026-06-09,353,2026060905016391,SAHAS,21,14,40,662.00,"26,480.00"
2026-06-09,354,2026060905016656,SAHAS,88,11,10,662.90,"6,629.00"
2026-06-09,355,2026060905016579,SAHAS,4,13,55,661.70,"36,393.50"
2026-06-09,356,2026060905016578,SAHAS,21,13,50,662.00,"33,100.00"
2026-06-09,357,2026060905016437,SAHAS,20,37,263,661.60,"174,000.80"
2026-06-09,358,2026060905016436,SAHAS,19,37,40,661.70,"26,468.00"
2026-06-09,359,2026060905016435,SAHAS,19,37,30,661.70,"19,851.00"
2026-06-09,360,2026060905016786,SANVI,39,58,200,690.00,"138,000.00"
2026-06-09,361,2026060905016785,SANVI,39,58,120,690.00,"82,800.00"
2026-06-09,362,2026060905016784,SANVI,39,57,20,690.00,"13,800.00"
2026-06-09,363,2026060905016783,SANVI,39,58,10,690.00,"6,900.00"
2026-06-09,364,2026060905016782,SANVI,39,41,10,690.00,"6,900.00"
2026-06-09,365,2026060905016781,SANVI,39,39,130,690.00,"89,700.00"
2026-06-09,366,2026060905016648,SANVI,42,39,70,690.00,"48,300.00"
2026-06-09,367,2026060905016647,SANVI,42,34,20,689.90,"13,798.00"
2026-06-09,368,2026060905016583,SANVI,42,36,10,685.10,"6,851.00"
2026-06-09,369,2026060905016354,SBCF,38,56,"2,780",9.67,"26,882.60"
2026-06-09,370,2026060905016497,SGHC,57,41,60,358.10,"21,486.00"
2026-06-09,371,2026060905016496,SGHC,57,38,190,358.10,"68,039.00"
2026-06-09,372,2026060905016602,SHIVM,48,8,"1,225",669.50,"820,137.50"
2026-06-09,373,2026060905016601,SHIVM,48,37,250,669.40,"167,350.00"
2026-06-09,374,2026060905016600,SHIVM,48,82,500,669.00,"334,500.00"
2026-06-09,375,2026060905016599,SHIVM,48,59,204,669.00,"136,476.00"
2026-06-09,376,2026060905016598,SHIVM,48,53,50,668.90,"33,445.00"
2026-06-09,377,2026060905016597,SHIVM,48,33,190,668.90,"127,091.00"
2026-06-09,378,2026060905016567,SHIVM,43,56,40,664.00,"26,560.00"
2026-06-09,379,2026060905016548,SHIVM,19,94,50,665.00,"33,250.00"
2026-06-09,380,2026060905016423,SHIVM,48,50,50,664.90,"33,245.00"
2026-06-09,381,2026060905016596,SHIVM,48,47,26,666.50,"17,329.00"
2026-06-09,382,2026060905016595,SHIVM,48,48,100,666.00,"66,600.00"
2026-06-09,383,2026060905016594,SHIVM,48,41,155,666.00,"103,230.00"
2026-06-09,384,2026060905016593,SHIVM,48,47,300,665.00,"199,500.00"
2026-06-09,385,2026060905016592,SHIVM,48,17,"1,300",665.00,"864,500.00"
2026-06-09,386,2026060905016591,SHIVM,48,94,700,665.00,"465,500.00"
2026-06-09,387,2026060905016389,SIGS2,42,36,750,10.78,"8,085.00"
2026-06-09,388,2026060905016822,SIKLES,48,48,10,592.00,"5,920.00"
2026-06-09,389,2026060905016658,SIKLES,14,36,982,588.00,"577,416.00"
2026-06-09,390,2026060905016474,SMATA,77,39,20,770.00,"15,400.00"
2026-06-09,391,2026060905016382,SMATA,77,16,21,770.00,"16,170.00"
2026-06-09,392,2026060905016381,SMATA,77,51,15,770.00,"11,550.00"
2026-06-09,393,2026060905016380,SMATA,77,57,50,769.90,"38,495.00"
2026-06-09,394,2026060905016768,SMH,58,83,10,579.00,"5,790.00"
2026-06-09,395,2026060905016817,SMHL,62,49,10,498.00,"4,980.00"
2026-06-09,396,2026060905016749,SMHL,22,49,40,495.00,"19,800.00"
2026-06-09,397,2026060905016634,SMHL,38,49,10,498.00,"4,980.00"
2026-06-09,398,2026060905016569,SMHL,58,58,15,497.00,"7,455.00"
2026-06-09,399,2026060905016542,SMHL,58,58,10,497.00,"4,970.00"
2026-06-09,400,2026060905016521,SMHL,22,49,28,495.00,"13,860.00"
2026-06-09,401,2026060905016446,SMHL,22,4,80,496.50,"39,720.00"
2026-06-09,402,2026060905016445,SMHL,22,44,10,496.50,"4,965.00"
2026-06-09,403,2026060905016520,SMHL,77,49,20,495.00,"9,900.00"
2026-06-09,404,2026060905016519,SMHL,45,49,161,495.10,"79,711.10"
2026-06-09,405,2026060905016518,SMHL,48,49,100,495.10,"49,510.00"
2026-06-09,406,2026060905016517,SMHL,17,49,150,495.30,"74,295.00"
2026-06-09,407,2026060905016516,SMHL,52,49,11,496.00,"5,456.00"
2026-06-09,408,2026060905016515,SMHL,22,49,30,496.50,"14,895.00"
2026-06-09,409,2026060905016821,SMJC,19,19,10,466.00,"4,660.00"
2026-06-09,410,2026060905016820,SMJC,19,35,40,466.00,"18,640.00"
2026-06-09,411,2026060905016577,SMJC,49,58,300,465.00,"139,500.00"
2026-06-09,412,2026060905016576,SMJC,58,58,50,465.10,"23,255.00"
2026-06-09,413,2026060905016816,SONA,57,41,10,440.00,"4,400.00"
2026-06-09,414,2026060905016760,SONA,45,58,10,438.20,"4,382.00"
2026-06-09,415,2026060905016475,SONA,50,58,86,438.10,"37,676.60"
2026-06-09,416,2026060905016396,SONA,50,48,10,438.10,"4,381.00"
2026-06-09,417,2026060905016640,SPC,35,34,221,459.00,"101,439.00"
2026-06-09,418,2026060905016533,SPHL,35,50,10,602.00,"6,020.00"
2026-06-09,419,2026060905016523,SPHL,35,49,71,600.50,"42,635.50"
2026-06-09,420,2026060905016439,SPHL,6,49,20,600.50,"12,010.00"
2026-06-09,421,2026060905016438,SPHL,6,72,10,598.00,"5,980.00"
2026-06-09,422,2026060905016819,SPL,1,58,10,700.00,"7,000.00"
2026-06-09,423,2026060905016798,STC,32,8,10,"5,430.00","54,300.00"
2026-06-09,424,2026060905016839,TAMOR,13,26,10,459.90,"4,599.00"
2026-06-09,425,2026060905016815,TAMOR,82,62,"1,808",454.60,"821,916.80"
2026-06-09,426,2026060905016814,TAMOR,59,62,"1,000",454.60,"454,600.00"
2026-06-09,427,2026060905016813,TAMOR,49,62,500,454.60,"227,300.00"
2026-06-09,428,2026060905016812,TAMOR,8,62,100,454.60,"45,460.00"
2026-06-09,429,2026060905016811,TAMOR,58,62,40,454.60,"18,184.00"
2026-06-09,430,2026060905016356,TAMOR,48,44,10,455.00,"4,550.00"
2026-06-09,431,2026060905016714,TAMOR,36,26,10,459.90,"4,599.00"
2026-06-09,432,2026060905016713,TAMOR,36,35,10,458.00,"4,580.00"
2026-06-09,433,2026060905016535,TAMOR,59,67,"1,468",454.70,"667,499.60"
2026-06-09,434,2026060905016448,TAMOR,48,26,400,455.00,"182,000.00"
2026-06-09,435,2026060905016447,TAMOR,48,26,60,455.00,"27,300.00"
2026-06-09,436,2026060905016409,TAMOR,48,56,10,455.00,"4,550.00"
2026-06-09,437,2026060905016810,TAMOR,59,62,532,454.70,"241,900.40"
2026-06-09,438,2026060905016809,TAMOR,3,62,20,454.80,"9,096.00"
2026-06-09,439,2026060905016792,TAMOR,36,26,10,459.90,"4,599.00"
2026-06-09,440,2026060905016758,TAMOR,3,70,480,454.80,"218,304.00"
2026-06-09,441,2026060905016757,TAMOR,42,70,20,455.00,"9,100.00"
2026-06-09,442,2026060905016752,TAMOR,42,70,80,455.00,"36,400.00"
2026-06-09,443,2026060905016836,TSHL,34,48,10,542.00,"5,420.00"
2026-06-09,444,2026060905016345,TSHL,58,56,10,542.00,"5,420.00"
2026-06-09,445,2026060905016649,TVCL,99,38,20,494.00,"9,880.00"
2026-06-09,446,2026060905016835,UHEWA,48,19,100,635.00,"63,500.00"
2026-06-09,447,2026060905016793,UHEWA,48,58,10,635.00,"6,350.00"
2026-06-09,448,2026060905016791,UHEWA,48,26,100,635.00,"63,500.00"
2026-06-09,449,2026060905016779,UHEWA,48,58,57,635.00,"36,195.00"
2026-06-09,450,2026060905016762,UHEWA,48,48,"3,623",635.00,"2,300,605.00"
2026-06-09,451,2026060905016755,UHEWA,48,40,100,635.00,"63,500.00"
2026-06-09,452,2026060905016352,UHEWA,48,7,241,635.20,"153,083.20"
2026-06-09,453,2026060905016522,UHEWA,21,58,80,635.20,"50,816.00"
2026-06-09,454,2026060905016487,UHEWA,21,58,40,635.20,"25,408.00"
2026-06-09,455,2026060905016444,UHEWA,21,41,93,635.20,"59,073.60"
2026-06-09,456,2026060905016429,UHEWA,21,48,391,635.20,"248,363.20"
2026-06-09,457,2026060905016407,UHEWA,48,48,609,635.20,"386,836.80"
2026-06-09,458,2026060905016379,UHEWA,48,32,"1,150",635.20,"730,480.00"
2026-06-09,459,2026060905016585,UHEWA,21,50,85,635.20,"53,992.00"
2026-06-09,460,2026060905016584,UHEWA,89,50,50,635.30,"31,765.00"
2026-06-09,461,2026060905016581,UHEWA,21,58,10,635.20,"6,352.00"
2026-06-09,462,2026060905016580,UHEWA,16,1,100,635.80,"63,580.00"
2026-06-09,463,2026060905016558,UHEWA,21,40,236,635.20,"149,907.20"
2026-06-09,464,2026060905016539,UHEWA,21,32,10,635.20,"6,352.00"
2026-06-09,465,2026060905016669,UHEWA,58,54,399,635.10,"253,404.90"
2026-06-09,466,2026060905016662,UHEWA,38,32,10,635.90,"6,359.00"
2026-06-09,467,2026060905016637,UHEWA,58,53,11,635.10,"6,986.10"
2026-06-09,468,2026060905016607,UHEWA,3,43,100,635.80,"63,580.00"
2026-06-09,469,2026060905016606,UHEWA,3,1,400,635.80,"254,320.00"
2026-06-09,470,2026060905016586,UHEWA,58,50,65,635.10,"41,281.50"
2026-06-09,471,2026060905016753,UHEWA,35,32,300,635.90,"190,770.00"
2026-06-09,472,2026060905016741,UHEWA,48,42,"1,339",635.00,"850,265.00"
2026-06-09,473,2026060905016740,UHEWA,45,42,100,635.10,"63,510.00"
2026-06-09,474,2026060905016739,UHEWA,58,42,25,635.10,"15,877.50"
2026-06-09,475,2026060905016731,UHEWA,75,45,10,635.80,"6,358.00"
2026-06-09,476,2026060905016703,UHEWA,58,49,100,635.10,"63,510.00"
2026-06-09,477,2026060905016833,ULHC,58,3,100,459.00,"45,900.00"
2026-06-09,478,2026060905016832,ULHC,58,44,200,458.00,"91,600.00"
2026-06-09,479,2026060905016831,ULHC,58,35,50,458.00,"22,900.00"
2026-06-09,480,2026060905016830,ULHC,58,44,200,457.80,"91,560.00"
2026-06-09,481,2026060905016829,ULHC,58,49,190,456.00,"86,640.00"
2026-06-09,482,2026060905016828,ULHC,58,42,10,456.00,"4,560.00"
2026-06-09,483,2026060905016494,ULHC,49,29,370,453.00,"167,610.00"
2026-06-09,484,2026060905016493,ULHC,17,29,20,453.10,"9,062.00"
2026-06-09,485,2026060905016492,ULHC,42,29,40,453.10,"18,124.00"
2026-06-09,486,2026060905016771,ULHC,58,29,500,453.50,"226,750.00"
2026-06-09,487,2026060905016770,ULHC,58,29,70,453.00,"31,710.00"
2026-06-09,488,2026060905016769,ULHC,58,34,10,452.80,"4,528.00"
2026-06-09,489,2026060905016748,ULHC,64,44,300,452.00,"135,600.00"
2026-06-09,490,2026060905016709,ULHC,64,35,200,452.00,"90,400.00"
2026-06-09,491,2026060905016635,ULHC,57,35,50,452.90,"22,645.00"
2026-06-09,492,2026060905016827,ULHC,58,44,200,455.80,"91,160.00"
2026-06-09,493,2026060905016826,ULHC,58,33,387,455.70,"176,355.90"
2026-06-09,494,2026060905016825,ULHC,58,83,10,455.50,"4,555.00"
2026-06-09,495,2026060905016824,ULHC,58,19,200,455.40,"91,080.00"
2026-06-09,496,2026060905016773,ULHC,58,44,200,455.00,"91,000.00"
2026-06-09,497,2026060905016772,ULHC,58,34,10,454.90,"4,549.00"
2026-06-09,498,2026060905016823,USHL,85,42,11,605.00,"6,655.00"
2026-06-09,499,2026060905016818,USHL,48,34,10,605.00,"6,050.00"
2026-06-09,500,2026060905016588,VLUCL,43,45,10,497.00,"4,970.00"
