date,#,Transact. No.,Symbol,Buyer,Seller,Quantity,Rate,Amount
2026-06-12,1,2026061205013249,AHL,58,14,10,484.40,"4,844.00"
2026-06-12,2,2026061205013003,AHL,51,14,200,481.30,"96,260.00"
2026-06-12,3,2026061205012995,AHL,51,56,100,481.30,"48,130.00"
2026-06-12,4,2026061205013006,BBC,41,58,10,"4,310.00","43,100.00"
2026-06-12,5,2026061205012876,BBC,64,38,10,"4,222.00","42,220.00"
2026-06-12,6,2026061205012875,BBC,36,38,20,"4,225.00","84,500.00"
2026-06-12,7,2026061205012874,BBC,33,38,10,"4,226.10","42,261.00"
2026-06-12,8,2026061205012873,BBC,58,38,10,"4,230.00","42,300.00"
2026-06-12,9,2026061205012872,BBC,33,38,10,"4,230.10","42,301.00"
2026-06-12,10,2026061205012871,BBC,22,38,10,"4,252.00","42,520.00"
2026-06-12,11,2026061205012870,BBC,35,38,10,"4,252.10","42,521.00"
2026-06-12,12,2026061205012869,BBC,33,38,10,"4,252.20","42,522.00"
2026-06-12,13,2026061205012868,BBC,35,38,10,"4,252.30","42,523.00"
2026-06-12,14,2026061205012905,BEDC,48,58,30,359.00,"10,770.00"
2026-06-12,15,2026061205012802,BGWT,47,49,178,660.00,"117,480.00"
2026-06-12,16,2026061205012801,BGWT,47,42,42,660.00,"27,720.00"
2026-06-12,17,2026061205012857,BGWT,47,26,57,664.00,"37,848.00"
2026-06-12,18,2026061205012856,BGWT,47,42,43,663.00,"28,509.00"
2026-06-12,19,2026061205012804,BGWT,47,58,62,660.00,"40,920.00"
2026-06-12,20,2026061205012803,BGWT,47,51,18,660.00,"11,880.00"
2026-06-12,21,2026061205013212,BGWT,47,26,10,664.00,"6,640.00"
2026-06-12,22,2026061205013200,BHDC,47,41,10,459.20,"4,592.00"
2026-06-12,23,2026061205013088,BHDC,45,38,130,455.10,"59,163.00"
2026-06-12,24,2026061205013084,BHDC,47,45,10,457.50,"4,575.00"
2026-06-12,25,2026061205013214,BHL,42,33,66,215.60,"14,229.60"
2026-06-12,26,2026061205013206,BHL,58,33,39,215.60,"8,408.40"
2026-06-12,27,2026061205013201,BHL,58,62,10,215.60,"2,156.00"
2026-06-12,28,2026061205013190,BHL,58,57,90,215.60,"19,404.00"
2026-06-12,29,2026061205013114,BHL,58,6,10,215.90,"2,159.00"
2026-06-12,30,2026061205013109,BHL,80,62,500,216.00,"108,000.00"
2026-06-12,31,2026061205013022,BHL,45,62,100,216.00,"21,600.00"
2026-06-12,32,2026061205012979,BHL,32,62,279,216.00,"60,264.00"
2026-06-12,33,2026061205013251,BHPL,42,72,20,525.00,"10,500.00"
2026-06-12,34,2026061205013280,CHDC,62,46,77,"2,255.00","173,635.00"
2026-06-12,35,2026061205013279,CHDC,62,58,12,"2,255.00","27,060.00"
2026-06-12,36,2026061205013278,CHDC,62,6,12,"2,255.00","27,060.00"
2026-06-12,37,2026061205013277,CHDC,62,60,10,"2,253.90","22,539.00"
2026-06-12,38,2026061205013276,CHDC,62,60,10,"2,251.00","22,510.00"
2026-06-12,39,2026061205013275,CHDC,62,38,10,"2,250.00","22,500.00"
2026-06-12,40,2026061205013274,CHDC,62,60,10,"2,249.90","22,499.00"
2026-06-12,41,2026061205013273,CHDC,62,14,59,"2,249.00","132,691.00"
2026-06-12,42,2026061205013132,CHDC,39,25,22,"2,239.00","49,258.00"
2026-06-12,43,2026061205012998,CHDC,34,36,10,"2,238.90","22,389.00"
2026-06-12,44,2026061205012842,CIT,7,42,300,"1,741.00","522,300.00"
2026-06-12,45,2026061205013263,CKHL,35,35,10,647.00,"6,470.00"
2026-06-12,46,2026061205013098,CLI,84,42,"2,000",455.00,"910,000.00"
2026-06-12,47,2026061205013069,CLI,84,60,296,455.00,"134,680.00"
2026-06-12,48,2026061205012903,CLI,84,7,13,455.00,"5,915.00"
2026-06-12,49,2026061205012896,CLI,57,60,59,455.90,"26,898.10"
2026-06-12,50,2026061205013167,DOLTI,44,53,100,349.90,"34,990.00"
2026-06-12,51,2026061205013154,DOLTI,49,53,50,349.90,"17,495.00"
2026-06-12,52,2026061205013085,DOLTI,58,53,100,349.90,"34,990.00"
2026-06-12,53,2026061205013020,DOLTI,45,53,50,349.90,"17,495.00"
2026-06-12,54,2026061205013019,DOLTI,45,38,20,349.90,"6,998.00"
2026-06-12,55,2026061205012983,DOLTI,45,50,130,349.80,"45,474.00"
2026-06-12,56,2026061205012925,DOLTI,13,50,10,349.80,"3,498.00"
2026-06-12,57,2026061205012878,DOLTI,22,50,100,349.80,"34,980.00"
2026-06-12,58,2026061205012841,DOLTI,13,50,10,349.80,"3,498.00"
2026-06-12,59,2026061205013182,DORDI,48,80,402,270.00,"108,540.00"
2026-06-12,60,2026061205013181,DORDI,48,13,30,270.00,"8,100.00"
2026-06-12,61,2026061205013180,DORDI,48,7,20,270.00,"5,400.00"
2026-06-12,62,2026061205013179,DORDI,48,58,288,270.00,"77,760.00"
2026-06-12,63,2026061205013112,EHPL,45,19,24,384.00,"9,216.00"
2026-06-12,64,2026061205012937,EHPL,45,19,176,384.00,"67,584.00"
2026-06-12,65,2026061205012936,EHPL,45,35,24,383.00,"9,192.00"
2026-06-12,66,2026061205012863,EHPL,57,39,300,382.50,"114,750.00"
2026-06-12,67,2026061205013209,ENL,35,38,10,880.00,"8,800.00"
2026-06-12,68,2026061205013199,ENL,60,38,10,880.00,"8,800.00"
2026-06-12,69,2026061205013213,GCIL,42,57,129,388.50,"50,116.50"
2026-06-12,70,2026061205013189,GCIL,38,58,44,388.00,"17,072.00"
2026-06-12,71,2026061205013164,GCIL,41,58,71,388.00,"27,548.00"
2026-06-12,72,2026061205013163,GCIL,48,58,185,388.00,"71,780.00"
2026-06-12,73,2026061205012854,GCIL,39,45,150,388.00,"58,200.00"
2026-06-12,74,2026061205012850,GCIL,42,57,71,387.90,"27,540.90"
2026-06-12,75,2026061205012934,GCIL,48,58,30,388.00,"11,640.00"
2026-06-12,76,2026061205012933,GCIL,48,58,10,388.00,"3,880.00"
2026-06-12,77,2026061205012932,GCIL,48,7,12,388.00,"4,656.00"
2026-06-12,78,2026061205012931,GCIL,48,7,12,388.00,"4,656.00"
2026-06-12,79,2026061205012930,GCIL,48,45,176,388.00,"68,288.00"
2026-06-12,80,2026061205012935,GCIL,48,42,75,388.00,"29,100.00"
2026-06-12,81,2026061205013083,GCIL,39,57,150,388.50,"58,275.00"
2026-06-12,82,2026061205013103,GVL,38,14,10,489.00,"4,890.00"
2026-06-12,83,2026061205012922,GVL,4,84,"1,000",488.20,"488,200.00"
2026-06-12,84,2026061205012887,GVL,38,48,10,490.00,"4,900.00"
2026-06-12,85,2026061205012852,GVL,85,60,"1,000",488.20,"488,200.00"
2026-06-12,86,2026061205013158,HATHY,58,48,67,773.10,"51,797.70"
2026-06-12,87,2026061205013129,HATHY,58,34,21,773.10,"16,235.10"
2026-06-12,88,2026061205013128,HATHY,58,34,23,773.20,"17,783.60"
2026-06-12,89,2026061205013021,HATHY,26,32,62,774.50,"48,019.00"
2026-06-12,90,2026061205012820,HDL,6,16,11,"1,156.50","12,721.50"
2026-06-12,91,2026061205012814,HDL,42,16,20,"1,156.50","23,130.00"
2026-06-12,92,2026061205012912,HDL,48,16,180,"1,156.00","208,080.00"
2026-06-12,93,2026061205012901,HDL,48,36,100,"1,156.00","115,600.00"
2026-06-12,94,2026061205012889,HDL,48,35,270,"1,156.00","312,120.00"
2026-06-12,95,2026061205012888,HDL,58,35,50,"1,156.00","57,800.00"
2026-06-12,96,2026061205012865,HDL,58,16,10,"1,156.50","11,565.00"
2026-06-12,97,2026061205012913,HDL,57,16,18,"1,156.00","20,808.00"
2026-06-12,98,2026061205013002,HDL,77,16,10,"1,156.00","11,560.00"
2026-06-12,99,2026061205012985,HDL,58,16,18,"1,156.00","20,808.00"
2026-06-12,100,2026061205013094,HDL,42,90,80,"1,155.30","92,424.00"
2026-06-12,101,2026061205013093,HDL,45,90,50,"1,155.50","57,775.00"
2026-06-12,102,2026061205013092,HDL,34,90,20,"1,155.50","23,110.00"
2026-06-12,103,2026061205013089,HDL,58,16,15,"1,156.00","17,340.00"
2026-06-12,104,2026061205013247,HHL,62,52,37,375.00,"13,875.00"
2026-06-12,105,2026061205013246,HHL,62,45,500,375.00,"187,500.00"
2026-06-12,106,2026061205013245,HHL,62,87,200,375.00,"75,000.00"
2026-06-12,107,2026061205013244,HHL,62,57,350,374.90,"131,215.00"
2026-06-12,108,2026061205013243,HHL,62,45,13,374.00,"4,862.00"
2026-06-12,109,2026061205013215,HHL,60,45,100,374.00,"37,400.00"
2026-06-12,110,2026061205012996,HHL,52,34,27,374.30,"10,106.10"
2026-06-12,111,2026061205012923,HHL,52,87,100,374.30,"37,430.00"
2026-06-12,112,2026061205013014,HHL,6,74,338,374.00,"126,412.00"
2026-06-12,113,2026061205013012,HHL,6,26,132,374.00,"49,368.00"
2026-06-12,114,2026061205013011,HHL,42,26,100,374.10,"37,410.00"
2026-06-12,115,2026061205013010,HHL,19,26,100,374.10,"37,410.00"
2026-06-12,116,2026061205013009,HHL,3,26,45,374.10,"16,834.50"
2026-06-12,117,2026061205013008,HHL,52,26,123,374.30,"46,038.90"
2026-06-12,118,2026061205013100,HHL,49,13,100,373.10,"37,310.00"
2026-06-12,119,2026061205013032,HHL,52,35,27,374.00,"10,098.00"
2026-06-12,120,2026061205013031,HHL,48,35,78,374.00,"29,172.00"
2026-06-12,121,2026061205013017,HHL,48,74,422,374.00,"157,828.00"
2026-06-12,122,2026061205013016,HHL,81,74,200,374.00,"74,800.00"
2026-06-12,123,2026061205013015,HHL,58,74,40,374.00,"14,960.00"
2026-06-12,124,2026061205013208,HHL,60,45,10,374.00,"3,740.00"
2026-06-12,125,2026061205013192,HHL,60,45,10,374.00,"3,740.00"
2026-06-12,126,2026061205013191,HHL,58,45,17,374.00,"6,358.00"
2026-06-12,127,2026061205013186,HHL,25,64,"1,000",374.80,"374,800.00"
2026-06-12,128,2026061205013113,HHL,58,35,83,374.00,"31,042.00"
2026-06-12,129,2026061205013285,HIDCL,56,45,40,262.50,"10,500.00"
2026-06-12,130,2026061205013284,HIDCL,56,6,281,262.50,"73,762.50"
2026-06-12,131,2026061205013207,HIDCL,57,6,50,262.50,"13,125.00"
2026-06-12,132,2026061205013102,HIDCL,32,6,128,262.50,"33,600.00"
2026-06-12,133,2026061205012917,HIDCL,49,6,50,262.50,"13,125.00"
2026-06-12,134,2026061205012916,HIDCL,16,6,291,262.50,"76,387.50"
2026-06-12,135,2026061205012843,HIDCL,16,52,269,262.50,"70,612.50"
2026-06-12,136,2026061205013271,HRL,34,43,1,635.00,635.00
2026-06-12,137,2026061205013197,HRL,47,42,10,636.90,"6,369.00"
2026-06-12,138,2026061205013116,HRL,47,59,10,636.90,"6,369.00"
2026-06-12,139,2026061205013034,HRL,16,26,101,637.00,"64,337.00"
2026-06-12,140,2026061205013027,HRL,47,45,10,636.90,"6,369.00"
2026-06-12,141,2026061205012911,HRL,57,43,1,635.00,635.00
2026-06-12,142,2026061205012877,HRL,57,21,3,635.00,"1,905.00"
2026-06-12,143,2026061205013176,IHL,74,91,100,406.00,"40,600.00"
2026-06-12,144,2026061205013175,IHL,49,91,70,406.00,"28,420.00"
2026-06-12,145,2026061205013174,IHL,45,91,15,406.10,"6,091.50"
2026-06-12,146,2026061205013173,IHL,16,91,25,406.30,"10,157.50"
2026-06-12,147,2026061205013172,IHL,4,91,105,406.30,"42,661.50"
2026-06-12,148,2026061205013171,IHL,35,91,300,406.40,"121,920.00"
2026-06-12,149,2026061205012867,IHL,4,21,95,406.30,"38,598.50"
2026-06-12,150,2026061205013170,IHL,32,91,200,406.40,"81,280.00"
2026-06-12,151,2026061205012907,IHL,48,43,15,407.00,"6,105.00"
2026-06-12,152,2026061205012906,IHL,48,26,140,407.00,"56,980.00"
2026-06-12,153,2026061205013049,ILI,1,83,20,431.50,"8,630.00"
2026-06-12,154,2026061205013047,ILI,29,38,10,432.50,"4,325.00"
2026-06-12,155,2026061205012997,ILI,1,58,12,431.50,"5,178.00"
2026-06-12,156,2026061205012859,ILI,1,38,220,431.50,"94,930.00"
2026-06-12,157,2026061205012858,ILI,42,38,232,431.60,"100,131.20"
2026-06-12,158,2026061205012855,ILI,49,45,50,432.00,"21,600.00"
2026-06-12,159,2026061205012824,KBSH,6,56,11,"1,552.00","17,072.00"
2026-06-12,160,2026061205013153,MANDU,43,39,10,835.00,"8,350.00"
2026-06-12,161,2026061205013039,MANDU,65,62,10,835.00,"8,350.00"
2026-06-12,162,2026061205013000,MANDU,43,42,10,834.90,"8,349.00"
2026-06-12,163,2026061205012999,MANDU,43,1,90,830.00,"74,700.00"
2026-06-12,164,2026061205013286,MBJC,74,48,10,285.00,"2,850.00"
2026-06-12,165,2026061205013036,MBJC,89,91,200,283.00,"56,600.00"
2026-06-12,166,2026061205013035,MBJC,89,86,310,283.00,"87,730.00"
2026-06-12,167,2026061205012904,MBJC,7,86,300,283.00,"84,900.00"
2026-06-12,168,2026061205013126,MCHL,16,50,200,312.00,"62,400.00"
2026-06-12,169,2026061205013087,MCHL,57,50,10,312.00,"3,120.00"
2026-06-12,170,2026061205013029,MEHL,14,42,31,368.00,"11,408.00"
2026-06-12,171,2026061205013028,MEHL,47,42,30,368.00,"11,040.00"
2026-06-12,172,2026061205012910,MEL,19,16,500,235.60,"117,800.00"
2026-06-12,173,2026061205012805,MEL,19,29,10,235.60,"2,356.00"
2026-06-12,174,2026061205013234,MHCL,52,28,10,347.00,"3,470.00"
2026-06-12,175,2026061205013233,MHCL,52,51,10,346.00,"3,460.00"
2026-06-12,176,2026061205013232,MHCL,52,7,10,345.00,"3,450.00"
2026-06-12,177,2026061205012816,MHCL,42,45,10,344.10,"3,441.00"
2026-06-12,178,2026061205013107,MHL,19,22,10,496.90,"4,969.00"
2026-06-12,179,2026061205013050,MKHC,69,8,10,315.00,"3,150.00"
2026-06-12,180,2026061205012924,MKHC,58,8,10,314.00,"3,140.00"
2026-06-12,181,2026061205012892,MKHC,69,8,900,314.00,"282,600.00"
2026-06-12,182,2026061205012848,MKHC,14,8,90,314.00,"28,260.00"
2026-06-12,183,2026061205013024,MKHL,84,22,10,509.90,"5,099.00"
2026-06-12,184,2026061205013023,MKHL,84,7,10,509.00,"5,090.00"
2026-06-12,185,2026061205012853,MKHL,58,58,30,508.00,"15,240.00"
2026-06-12,186,2026061205013071,MKJC,22,1,200,490.00,"98,000.00"
2026-06-12,187,2026061205013070,MKJC,50,1,15,490.00,"7,350.00"
2026-06-12,188,2026061205013007,MKJC,53,1,10,493.90,"4,939.00"
2026-06-12,189,2026061205013125,NIFRA,8,6,86,260.00,"22,360.00"
2026-06-12,190,2026061205013124,NIFRA,8,17,40,260.00,"10,400.00"
2026-06-12,191,2026061205013123,NIFRA,8,41,64,260.00,"16,640.00"
2026-06-12,192,2026061205013122,NIFRA,8,53,10,260.00,"2,600.00"
2026-06-12,193,2026061205013121,NIFRA,8,6,100,259.90,"25,990.00"
2026-06-12,194,2026061205013095,NIFRA,3,17,10,259.60,"2,596.00"
2026-06-12,195,2026061205012860,NIFRA,3,50,19,259.60,"4,932.40"
2026-06-12,196,2026061205013291,NRIC,14,5,20,"1,042.00","20,840.00"
2026-06-12,197,2026061205013290,NRIC,14,52,100,"1,042.00","104,200.00"
2026-06-12,198,2026061205013289,NRIC,14,13,100,"1,041.00","104,100.00"
2026-06-12,199,2026061205013288,NRIC,14,49,50,"1,041.00","52,050.00"
2026-06-12,200,2026061205013287,NRIC,14,50,40,"1,041.00","41,640.00"
2026-06-12,201,2026061205013252,NRIC,52,6,20,"1,040.00","20,800.00"
2026-06-12,202,2026061205012928,NRIC,101,58,985,"1,039.10","1,023,513.50"
2026-06-12,203,2026061205012927,NRIC,62,58,15,"1,040.00","15,600.00"
2026-06-12,204,2026061205012886,NRIC,101,58,"2,000","1,039.10","2,078,200.00"
2026-06-12,205,2026061205012861,NRIC,101,17,500,"1,039.10","519,550.00"
2026-06-12,206,2026061205012800,NRIC,101,57,50,"1,039.10","51,955.00"
2026-06-12,207,2026061205013196,NRIC,101,50,250,"1,039.10","259,775.00"
2026-06-12,208,2026061205013195,NRIC,58,50,50,"1,039.20","51,960.00"
2026-06-12,209,2026061205013101,NRIC,17,37,10,"1,040.00","10,400.00"
2026-06-12,210,2026061205013281,NRM,58,52,51,345.30,"17,610.30"
2026-06-12,211,2026061205013203,NRM,34,52,20,346.90,"6,938.00"
2026-06-12,212,2026061205013178,NRM,58,52,10,346.90,"3,469.00"
2026-06-12,213,2026061205013177,NRM,58,7,10,346.00,"3,460.00"
2026-06-12,214,2026061205013166,NRM,13,41,10,345.30,"3,453.00"
2026-06-12,215,2026061205013165,NRM,58,41,90,345.30,"31,077.00"
2026-06-12,216,2026061205012915,NRM,58,38,10,345.30,"3,453.00"
2026-06-12,217,2026061205012902,NRM,62,45,10,345.20,"3,452.00"
2026-06-12,218,2026061205012851,NRM,62,45,90,345.20,"31,068.00"
2026-06-12,219,2026061205013211,NRN,99,42,25,"1,370.00","34,250.00"
2026-06-12,220,2026061205013210,NRN,99,58,25,"1,370.00","34,250.00"
2026-06-12,221,2026061205012798,NRN,59,33,25,"1,370.50","34,262.50"
2026-06-12,222,2026061205012864,NRN,59,8,48,"1,370.50","65,784.00"
2026-06-12,223,2026061205013033,NRN,25,58,15,"1,370.00","20,550.00"
2026-06-12,224,2026061205013030,NRN,13,58,10,"1,370.00","13,700.00"
2026-06-12,225,2026061205012982,NRN,45,58,40,"1,369.00","54,760.00"
2026-06-12,226,2026061205013091,NRN,45,8,90,"1,369.00","123,210.00"
2026-06-12,227,2026061205012823,NYADI,42,58,40,400.00,"16,000.00"
2026-06-12,228,2026061205013283,PHCL,21,52,20,321.50,"6,430.00"
2026-06-12,229,2026061205013282,PHCL,3,52,30,321.50,"9,645.00"
2026-06-12,230,2026061205013204,PHCL,42,17,100,322.00,"32,200.00"
2026-06-12,231,2026061205013155,PHCL,52,17,160,322.00,"51,520.00"
2026-06-12,232,2026061205013052,PHCL,58,35,40,323.00,"12,920.00"
2026-06-12,233,2026061205012846,PHCL,63,35,498,323.00,"160,854.00"
2026-06-12,234,2026061205012845,PHCL,63,49,10,322.00,"3,220.00"
2026-06-12,235,2026061205012844,PHCL,63,49,12,322.00,"3,864.00"
2026-06-12,236,2026061205012822,PHCL,38,84,900,321.20,"289,080.00"
2026-06-12,237,2026061205012821,PHCL,17,84,100,321.30,"32,130.00"
2026-06-12,238,2026061205013270,PPL,34,59,59,349.00,"20,591.00"
2026-06-12,239,2026061205013269,PPL,34,19,15,349.00,"5,235.00"
2026-06-12,240,2026061205013268,PPL,34,36,200,348.30,"69,660.00"
2026-06-12,241,2026061205013267,PPL,34,38,15,348.00,"5,220.00"
2026-06-12,242,2026061205013266,PPL,34,64,400,346.10,"138,440.00"
2026-06-12,243,2026061205013265,PPL,34,38,31,346.00,"10,726.00"
2026-06-12,244,2026061205013004,PPL,47,64,50,346.10,"17,305.00"
2026-06-12,245,2026061205013059,PPL,57,64,30,345.00,"10,350.00"
2026-06-12,246,2026061205013058,PPL,49,64,290,345.00,"100,050.00"
2026-06-12,247,2026061205013057,PPL,84,64,100,345.00,"34,500.00"
2026-06-12,248,2026061205013056,PPL,54,64,10,345.00,"3,450.00"
2026-06-12,249,2026061205013055,PPL,84,64,500,345.00,"172,500.00"
2026-06-12,250,2026061205013054,PPL,57,64,350,345.10,"120,785.00"
2026-06-12,251,2026061205013001,PSF,58,49,"7,900",12.25,"96,775.00"
2026-06-12,252,2026061205013264,RAWA,6,38,10,538.00,"5,380.00"
2026-06-12,253,2026061205013048,RAWA,36,42,100,532.00,"53,200.00"
2026-06-12,254,2026061205012879,RAWA,44,11,30,531.30,"15,939.00"
2026-06-12,255,2026061205012883,RAWA,38,11,420,531.10,"223,062.00"
2026-06-12,256,2026061205012882,RAWA,11,11,10,531.10,"5,311.00"
2026-06-12,257,2026061205012881,RAWA,39,11,20,531.20,"10,624.00"
2026-06-12,258,2026061205012880,RAWA,14,11,20,531.30,"10,626.00"
2026-06-12,259,2026061205013218,RFPL,4,34,250,362.70,"90,675.00"
2026-06-12,260,2026061205013217,RFPL,4,34,300,362.80,"108,840.00"
2026-06-12,261,2026061205013216,RFPL,26,34,450,362.90,"163,305.00"
2026-06-12,262,2026061205012989,RFPL,26,90,50,362.90,"18,145.00"
2026-06-12,263,2026061205012988,RFPL,57,90,150,363.00,"54,450.00"
2026-06-12,264,2026061205013185,RHGCL,94,48,300,280.50,"84,150.00"
2026-06-12,265,2026061205013184,RHGCL,45,48,500,280.60,"140,300.00"
2026-06-12,266,2026061205013183,RHGCL,38,48,200,280.70,"56,140.00"
2026-06-12,267,2026061205012993,RHGCL,94,38,252,280.50,"70,686.00"
2026-06-12,268,2026061205012992,RHGCL,94,38,808,280.50,"226,644.00"
2026-06-12,269,2026061205012991,RHGCL,16,38,30,281.00,"8,430.00"
2026-06-12,270,2026061205012815,RHGCL,94,45,50,280.50,"14,025.00"
2026-06-12,271,2026061205013188,RNLI,58,35,100,465.40,"46,540.00"
2026-06-12,272,2026061205013187,RNLI,58,49,12,465.40,"5,584.80"
2026-06-12,273,2026061205013168,RNLI,62,49,12,465.10,"5,581.20"
2026-06-12,274,2026061205012938,RNLI,62,33,50,465.10,"23,255.00"
2026-06-12,275,2026061205012885,RNLI,62,29,40,465.10,"18,604.00"
2026-06-12,276,2026061205013253,SAHAS,13,42,300,660.00,"198,000.00"
2026-06-12,277,2026061205013115,SAHAS,29,42,140,660.00,"92,400.00"
2026-06-12,278,2026061205013099,SAHAS,45,42,25,660.00,"16,500.00"
2026-06-12,279,2026061205013096,SAHAS,47,42,15,660.00,"9,900.00"
2026-06-12,280,2026061205013081,SAHAS,96,42,500,660.00,"330,000.00"
2026-06-12,281,2026061205013080,SAHAS,96,42,"1,000",660.00,"660,000.00"
2026-06-12,282,2026061205012792,SAHAS,49,17,100,660.20,"66,020.00"
2026-06-12,283,2026061205013040,SAHAS,6,45,862,660.10,"569,006.20"
2026-06-12,284,2026061205013013,SAHAS,35,17,100,660.20,"66,020.00"
2026-06-12,285,2026061205012926,SAHAS,6,17,100,660.10,"66,010.00"
2026-06-12,286,2026061205012914,SAHAS,6,50,450,660.10,"297,045.00"
2026-06-12,287,2026061205012866,SAHAS,6,46,13,660.10,"8,581.30"
2026-06-12,288,2026061205012813,SAHAS,34,17,300,660.20,"198,060.00"
2026-06-12,289,2026061205013046,SAHAS,58,45,281,660.00,"185,460.00"
2026-06-12,290,2026061205013045,SAHAS,45,45,10,660.00,"6,600.00"
2026-06-12,291,2026061205013044,SAHAS,37,45,200,660.00,"132,000.00"
2026-06-12,292,2026061205013043,SAHAS,36,45,10,660.00,"6,600.00"
2026-06-12,293,2026061205013042,SAHAS,1,45,10,660.00,"6,600.00"
2026-06-12,294,2026061205013041,SAHAS,34,45,227,660.00,"149,820.00"
2026-06-12,295,2026061205013079,SAHAS,58,42,10,660.00,"6,600.00"
2026-06-12,296,2026061205013078,SAHAS,51,42,10,660.00,"6,600.00"
2026-06-12,297,2026061205013077,SAHAS,6,42,30,660.00,"19,800.00"
2026-06-12,298,2026061205013076,SAHAS,6,42,50,660.00,"33,000.00"
2026-06-12,299,2026061205013075,SAHAS,45,42,100,660.00,"66,000.00"
2026-06-12,300,2026061205013074,SAHAS,58,42,219,660.00,"144,540.00"
2026-06-12,301,2026061205013194,SANVI,74,22,10,689.00,"6,890.00"
2026-06-12,302,2026061205013193,SANVI,74,58,10,686.00,"6,860.00"
2026-06-12,303,2026061205013068,SANVI,101,39,460,685.30,"315,238.00"
2026-06-12,304,2026061205013067,SANVI,8,39,250,685.70,"171,425.00"
2026-06-12,305,2026061205013066,SANVI,54,39,10,685.70,"6,857.00"
2026-06-12,306,2026061205013065,SANVI,11,39,100,686.00,"68,600.00"
2026-06-12,307,2026061205012807,SANVI,101,68,500,685.60,"342,800.00"
2026-06-12,308,2026061205012806,SANVI,45,68,200,686.00,"137,200.00"
2026-06-12,309,2026061205012862,SANVI,94,49,10,685.20,"6,852.00"
2026-06-12,310,2026061205012812,SANVI,94,68,289,685.20,"198,022.80"
2026-06-12,311,2026061205012811,SANVI,22,68,200,685.30,"137,060.00"
2026-06-12,312,2026061205012810,SANVI,38,68,150,685.50,"102,825.00"
2026-06-12,313,2026061205012809,SANVI,52,68,17,685.50,"11,653.50"
2026-06-12,314,2026061205012808,SANVI,60,68,100,685.60,"68,560.00"
2026-06-12,315,2026061205013131,SGHC,74,49,10,363.00,"3,630.00"
2026-06-12,316,2026061205013130,SGHC,74,54,10,360.00,"3,600.00"
2026-06-12,317,2026061205012921,SGHC,52,48,198,358.00,"70,884.00"
2026-06-12,318,2026061205012920,SGHC,21,48,662,358.20,"237,128.40"
2026-06-12,319,2026061205012919,SGHC,58,48,140,358.30,"50,162.00"
2026-06-12,320,2026061205013240,SHIVM,80,71,113,658.90,"74,455.70"
2026-06-12,321,2026061205013239,SHIVM,80,65,202,658.80,"133,077.60"
2026-06-12,322,2026061205013238,SHIVM,80,18,500,658.80,"329,400.00"
2026-06-12,323,2026061205013237,SHIVM,80,78,"1,000",658.70,"658,700.00"
2026-06-12,324,2026061205013236,SHIVM,80,58,94,657.90,"61,842.60"
2026-06-12,325,2026061205013235,SHIVM,80,89,91,657.50,"59,832.50"
2026-06-12,326,2026061205012894,SHIVM,48,13,141,657.00,"92,637.00"
2026-06-12,327,2026061205012984,SHIVM,4,60,30,656.30,"19,689.00"
2026-06-12,328,2026061205012940,SHIVM,4,89,662,656.30,"434,470.60"
2026-06-12,329,2026061205012929,SHIVM,29,89,50,657.50,"32,875.00"
2026-06-12,330,2026061205012909,SHIVM,4,45,512,656.30,"336,025.60"
2026-06-12,331,2026061205012908,SHIVM,44,45,488,656.30,"320,274.40"
2026-06-12,332,2026061205012895,SHIVM,48,89,359,657.50,"236,042.50"
2026-06-12,333,2026061205013106,SHIVM,72,38,54,656.20,"35,434.80"
2026-06-12,334,2026061205013105,SHIVM,4,38,446,656.30,"292,709.80"
2026-06-12,335,2026061205013082,SHIVM,4,14,500,656.30,"328,150.00"
2026-06-12,336,2026061205013051,SHIVM,39,16,500,656.70,"328,350.00"
2026-06-12,337,2026061205013026,SHIVM,32,68,100,657.40,"65,740.00"
2026-06-12,338,2026061205012987,SHIVM,4,16,500,656.30,"328,150.00"
2026-06-12,339,2026061205013202,SHIVM,26,13,60,657.40,"39,444.00"
2026-06-12,340,2026061205013127,SHIVM,26,68,100,657.40,"65,740.00"
2026-06-12,341,2026061205013120,SHIVM,45,64,516,656.10,"338,547.60"
2026-06-12,342,2026061205013119,SHIVM,36,64,388,656.10,"254,566.80"
2026-06-12,343,2026061205013118,SHIVM,44,64,50,656.10,"32,805.00"
2026-06-12,344,2026061205013117,SHIVM,72,64,26,656.20,"17,061.20"
2026-06-12,345,2026061205013037,SMATA,41,42,55,769.00,"42,295.00"
2026-06-12,346,2026061205012994,SMATA,42,42,50,769.00,"38,450.00"
2026-06-12,347,2026061205013038,SMH,21,29,32,572.00,"18,304.00"
2026-06-12,348,2026061205012819,SMH,38,29,10,572.00,"5,720.00"
2026-06-12,349,2026061205012981,SMHL,14,16,25,494.00,"12,350.00"
2026-06-12,350,2026061205012980,SMHL,14,13,225,494.00,"111,150.00"
2026-06-12,351,2026061205012797,SMHL,94,13,75,494.00,"37,050.00"
2026-06-12,352,2026061205012796,SMHL,94,62,100,493.90,"49,390.00"
2026-06-12,353,2026061205012795,SMHL,94,6,76,493.80,"37,528.80"
2026-06-12,354,2026061205012794,SMHL,94,62,75,493.60,"37,020.00"
2026-06-12,355,2026061205012793,SMHL,94,70,474,493.00,"233,682.00"
2026-06-12,356,2026061205013162,SMJC,57,13,336,453.00,"152,208.00"
2026-06-12,357,2026061205013161,SMJC,42,13,450,454.00,"204,300.00"
2026-06-12,358,2026061205013160,SMJC,84,13,100,454.00,"45,400.00"
2026-06-12,359,2026061205013159,SMJC,57,13,14,454.50,"6,363.00"
2026-06-12,360,2026061205013064,SMJC,74,33,100,455.00,"45,500.00"
2026-06-12,361,2026061205013063,SMJC,36,33,10,455.00,"4,550.00"
2026-06-12,362,2026061205012830,SMJC,48,58,100,455.10,"45,510.00"
2026-06-12,363,2026061205012829,SMJC,19,58,50,455.10,"22,755.00"
2026-06-12,364,2026061205012828,SMJC,18,58,500,455.10,"227,550.00"
2026-06-12,365,2026061205012827,SMJC,54,58,396,455.10,"180,219.60"
2026-06-12,366,2026061205012826,SMJC,19,58,68,455.20,"30,953.60"
2026-06-12,367,2026061205012825,SMJC,52,58,100,455.30,"45,530.00"
2026-06-12,368,2026061205012836,SMJC,34,58,100,455.00,"45,500.00"
2026-06-12,369,2026061205012835,SMJC,56,58,300,455.00,"136,500.00"
2026-06-12,370,2026061205012834,SMJC,48,58,50,455.00,"22,750.00"
2026-06-12,371,2026061205012833,SMJC,48,58,50,455.00,"22,750.00"
2026-06-12,372,2026061205012832,SMJC,49,58,219,455.00,"99,645.00"
2026-06-12,373,2026061205012831,SMJC,43,58,300,455.10,"136,530.00"
2026-06-12,374,2026061205013062,SMJC,67,33,83,455.00,"37,765.00"
2026-06-12,375,2026061205012986,SMJC,67,58,50,455.00,"22,750.00"
2026-06-12,376,2026061205012849,SMJC,67,68,420,455.00,"191,100.00"
2026-06-12,377,2026061205012839,SMJC,67,58,247,455.00,"112,385.00"
2026-06-12,378,2026061205012838,SMJC,58,58,10,455.00,"4,550.00"
2026-06-12,379,2026061205012837,SMJC,74,58,10,455.00,"4,550.00"
2026-06-12,380,2026061205013241,SONA,52,48,10,437.00,"4,370.00"
2026-06-12,381,2026061205012893,SONA,32,71,10,435.00,"4,350.00"
2026-06-12,382,2026061205012817,SONA,32,71,25,435.00,"10,875.00"
2026-06-12,383,2026061205012799,SONA,32,36,10,435.00,"4,350.00"
2026-06-12,384,2026061205013169,SPC,4,43,11,459.80,"5,057.80"
2026-06-12,385,2026061205013060,SPC,4,68,10,456.00,"4,560.00"
2026-06-12,386,2026061205012818,SPC,4,58,11,456.00,"5,016.00"
2026-06-12,387,2026061205013061,SPHL,35,6,10,603.90,"6,039.00"
2026-06-12,388,2026061205012939,SPHL,35,94,31,603.00,"18,693.00"
2026-06-12,389,2026061205012900,SPHL,88,58,50,602.90,"30,145.00"
2026-06-12,390,2026061205012899,SPHL,88,45,200,602.00,"120,400.00"
2026-06-12,391,2026061205012898,SPHL,88,45,44,601.00,"26,444.00"
2026-06-12,392,2026061205012897,SPHL,45,29,10,589.00,"5,890.00"
2026-06-12,393,2026061205012891,SPHL,63,45,156,601.00,"93,756.00"
2026-06-12,394,2026061205012890,SPHL,63,65,94,600.00,"56,400.00"
2026-06-12,395,2026061205013097,SPL,53,56,10,700.00,"7,000.00"
2026-06-12,396,2026061205013005,SPL,58,56,100,700.00,"70,000.00"
2026-06-12,397,2026061205012884,SPL,45,58,29,697.20,"20,218.80"
2026-06-12,398,2026061205012840,SPL,58,58,41,698.10,"28,622.10"
2026-06-12,399,2026061205013198,STC,32,14,10,"5,397.00","53,970.00"
2026-06-12,400,2026061205013262,TAMOR,59,72,140,458.00,"64,120.00"
2026-06-12,401,2026061205013261,TAMOR,59,34,10,458.00,"4,580.00"
2026-06-12,402,2026061205013260,TAMOR,59,32,30,456.30,"13,689.00"
2026-06-12,403,2026061205013259,TAMOR,59,16,100,456.00,"45,600.00"
2026-06-12,404,2026061205013258,TAMOR,59,57,500,455.50,"227,750.00"
2026-06-12,405,2026061205013257,TAMOR,59,58,100,455.00,"45,500.00"
2026-06-12,406,2026061205013256,TAMOR,59,6,10,455.00,"4,550.00"
2026-06-12,407,2026061205013255,TAMOR,59,43,100,454.90,"45,490.00"
2026-06-12,408,2026061205013254,TAMOR,59,25,10,454.50,"4,545.00"
2026-06-12,409,2026061205013111,TPC,33,58,100,366.00,"36,600.00"
2026-06-12,410,2026061205013086,TPC,36,95,50,367.00,"18,350.00"
2026-06-12,411,2026061205012990,TPC,35,29,10,365.00,"3,650.00"
2026-06-12,412,2026061205013157,TSHL,54,22,10,535.00,"5,350.00"
2026-06-12,413,2026061205013053,TSHL,34,35,3,543.20,"1,629.60"
2026-06-12,414,2026061205013272,UHEWA,48,39,720,656.00,"472,320.00"
2026-06-12,415,2026061205013250,UHEWA,48,17,230,656.00,"150,880.00"
2026-06-12,416,2026061205013248,UHEWA,96,43,10,664.00,"6,640.00"
2026-06-12,417,2026061205013231,UHEWA,48,43,60,664.00,"39,840.00"
2026-06-12,418,2026061205013230,UHEWA,48,85,100,663.00,"66,300.00"
2026-06-12,419,2026061205013229,UHEWA,48,58,50,662.00,"33,100.00"
2026-06-12,420,2026061205012946,UHEWA,48,3,100,649.00,"64,900.00"
2026-06-12,421,2026061205012945,UHEWA,48,49,240,649.00,"155,760.00"
2026-06-12,422,2026061205012944,UHEWA,48,48,540,648.00,"349,920.00"
2026-06-12,423,2026061205012943,UHEWA,48,48,77,647.90,"49,888.30"
2026-06-12,424,2026061205012942,UHEWA,48,60,"1,000",647.00,"647,000.00"
2026-06-12,425,2026061205012941,UHEWA,48,41,150,646.00,"96,900.00"
2026-06-12,426,2026061205012952,UHEWA,48,64,130,652.00,"84,760.00"
2026-06-12,427,2026061205012951,UHEWA,48,34,100,652.00,"65,200.00"
2026-06-12,428,2026061205012950,UHEWA,48,42,11,652.00,"7,172.00"
2026-06-12,429,2026061205012949,UHEWA,48,52,30,650.00,"19,500.00"
2026-06-12,430,2026061205012948,UHEWA,48,101,500,650.00,"325,000.00"
2026-06-12,431,2026061205012947,UHEWA,48,74,"1,000",649.00,"649,000.00"
2026-06-12,432,2026061205012958,UHEWA,48,62,100,653.80,"65,380.00"
2026-06-12,433,2026061205012957,UHEWA,48,17,509,653.00,"332,377.00"
2026-06-12,434,2026061205012956,UHEWA,48,88,40,653.00,"26,120.00"
2026-06-12,435,2026061205012955,UHEWA,48,50,250,652.90,"163,225.00"
2026-06-12,436,2026061205012954,UHEWA,48,57,100,652.90,"65,290.00"
2026-06-12,437,2026061205012953,UHEWA,48,57,100,652.80,"65,280.00"
2026-06-12,438,2026061205012964,UHEWA,48,7,50,655.00,"32,750.00"
2026-06-12,439,2026061205012963,UHEWA,48,58,10,655.00,"6,550.00"
2026-06-12,440,2026061205012962,UHEWA,48,52,154,655.00,"100,870.00"
2026-06-12,441,2026061205012961,UHEWA,48,58,20,655.00,"13,100.00"
2026-06-12,442,2026061205012960,UHEWA,48,11,"1,000",654.00,"654,000.00"
2026-06-12,443,2026061205012959,UHEWA,48,44,95,653.80,"62,111.00"
2026-06-12,444,2026061205012970,UHEWA,48,21,100,657.00,"65,700.00"
2026-06-12,445,2026061205012969,UHEWA,48,58,160,656.00,"104,960.00"
2026-06-12,446,2026061205012968,UHEWA,48,34,490,656.00,"321,440.00"
2026-06-12,447,2026061205012967,UHEWA,48,53,115,655.00,"75,325.00"
2026-06-12,448,2026061205012966,UHEWA,48,43,100,655.00,"65,500.00"
2026-06-12,449,2026061205012965,UHEWA,48,58,10,655.00,"6,550.00"
2026-06-12,450,2026061205012976,UHEWA,48,51,100,659.00,"65,900.00"
2026-06-12,451,2026061205012975,UHEWA,48,58,"1,000",659.00,"659,000.00"
2026-06-12,452,2026061205012974,UHEWA,48,6,200,659.00,"131,800.00"
2026-06-12,453,2026061205012973,UHEWA,48,45,11,658.00,"7,238.00"
2026-06-12,454,2026061205012972,UHEWA,48,48,300,658.00,"197,400.00"
2026-06-12,455,2026061205012971,UHEWA,48,58,330,657.00,"216,810.00"
2026-06-12,456,2026061205013104,UHEWA,48,58,100,656.00,"65,600.00"
2026-06-12,457,2026061205013090,UHEWA,48,57,500,656.00,"328,000.00"
2026-06-12,458,2026061205013025,UHEWA,48,88,60,652.00,"39,120.00"
2026-06-12,459,2026061205013018,UHEWA,58,45,10,642.10,"6,421.00"
2026-06-12,460,2026061205012978,UHEWA,48,1,728,660.00,"480,480.00"
2026-06-12,461,2026061205012977,UHEWA,48,36,50,659.00,"32,950.00"
2026-06-12,462,2026061205013138,UHEWA,48,42,11,660.00,"7,260.00"
2026-06-12,463,2026061205013137,UHEWA,48,10,500,660.00,"330,000.00"
2026-06-12,464,2026061205013136,UHEWA,48,49,21,660.00,"13,860.00"
2026-06-12,465,2026061205013135,UHEWA,48,1,272,660.00,"179,520.00"
2026-06-12,466,2026061205013134,UHEWA,48,13,500,659.00,"329,500.00"
2026-06-12,467,2026061205013133,UHEWA,48,57,240,658.00,"157,920.00"
2026-06-12,468,2026061205013144,UHEWA,48,36,63,660.00,"41,580.00"
2026-06-12,469,2026061205013143,UHEWA,48,21,"1,000",660.00,"660,000.00"
2026-06-12,470,2026061205013142,UHEWA,48,95,200,660.00,"132,000.00"
2026-06-12,471,2026061205013141,UHEWA,48,13,250,660.00,"165,000.00"
2026-06-12,472,2026061205013140,UHEWA,48,58,120,660.00,"79,200.00"
2026-06-12,473,2026061205013139,UHEWA,48,28,11,660.00,"7,260.00"
2026-06-12,474,2026061205013150,UHEWA,48,49,11,660.00,"7,260.00"
2026-06-12,475,2026061205013149,UHEWA,48,51,320,660.00,"211,200.00"
2026-06-12,476,2026061205013148,UHEWA,48,48,500,660.00,"330,000.00"
2026-06-12,477,2026061205013147,UHEWA,48,60,100,660.00,"66,000.00"
2026-06-12,478,2026061205013146,UHEWA,48,52,500,660.00,"330,000.00"
2026-06-12,479,2026061205013145,UHEWA,48,45,500,660.00,"330,000.00"
2026-06-12,480,2026061205013222,UHEWA,48,58,20,660.00,"13,200.00"
2026-06-12,481,2026061205013221,UHEWA,48,57,100,660.00,"66,000.00"
2026-06-12,482,2026061205013220,UHEWA,48,33,"1,229",660.00,"811,140.00"
2026-06-12,483,2026061205013219,UHEWA,48,101,100,659.00,"65,900.00"
2026-06-12,484,2026061205013152,UHEWA,48,33,"4,771",660.00,"3,148,860.00"
2026-06-12,485,2026061205013151,UHEWA,48,58,110,660.00,"72,600.00"
2026-06-12,486,2026061205013228,UHEWA,48,8,140,661.90,"92,666.00"
2026-06-12,487,2026061205013227,UHEWA,48,91,90,661.00,"59,490.00"
2026-06-12,488,2026061205013226,UHEWA,48,58,11,661.00,"7,271.00"
2026-06-12,489,2026061205013225,UHEWA,48,34,20,661.00,"13,220.00"
2026-06-12,490,2026061205013224,UHEWA,48,13,30,660.50,"19,815.00"
2026-06-12,491,2026061205013223,UHEWA,48,51,50,660.00,"33,000.00"
2026-06-12,492,2026061205013108,ULHC,86,53,10,450.00,"4,500.00"
2026-06-12,493,2026061205012918,USHEC,6,53,100,515.00,"51,500.00"
2026-06-12,494,2026061205013110,USHEC,6,59,100,515.00,"51,500.00"
2026-06-12,495,2026061205013073,USHEC,6,3,255,515.00,"131,325.00"
2026-06-12,496,2026061205013072,USHEC,6,3,145,515.00,"74,675.00"
2026-06-12,497,2026061205013242,USHL,26,85,10,609.70,"6,097.00"
2026-06-12,498,2026061205013205,USHL,48,35,10,607.00,"6,070.00"
2026-06-12,499,2026061205013156,USHL,38,88,10,601.10,"6,011.00"
2026-06-12,500,2026061205012847,VLUCL,10,1,10,485.00,"4,850.00"
